@Article{art-guimaraes03,
  author = 	 {{Eliane G. Guimarães, Antonio T. Maffeis, James L. Pereira, Bruno G. Russo, Eleri Cardozo, Marcel Bergerman, Mauricio F. Magalhães}},
  title = 	 {{REAL: A Virtual Laboratory for Mobile Robot Experiment}},
  journal = 	 {IEEE Transactions on Education},
  year = 	 {2003},
  OPTkey = 	 {},
  volume = 	 {46},
  number = 	 {1},
  pages = 	 {37-42},
  month = 	 {Fevereiro},
  OPTnote = 	 {},
  OPTannote = 	 {}
}

@InProceedings{proc-faina01,
  author = 	 {{Luis F. Faina, Rossano P. Pinto, Eliane G. Guimarães, Eleri Cardozo}},
  title = 	 {{Mobile Agents for Supporting Ubiquity in Telecommunication Services}},
  booktitle = 	 {Second Latin American Network Operation, Management Symposium (LANOMS)},
  OPTcrossref =  {},
  OTPkey = 	 {},
  pages = 	 {50-61},
  year = 	 {2001},
  editor = 	 {A. Loureiro, J. Nogueira},
  OPTvolume = 	 {},
  OPTnumber = 	 {},
  OPTseries = 	 {},
  address = 	 {Belo Horizonte, MG},
  month = 	 {Agosto},
  OPTorganization = {},
  OPTpublisher = {},
  OPTnote = 	 {},
  OPTannote = 	 {},
}


@InCollection{col-pinto00,
  author = 	 {{Alexandre S. Pinto, Luis F. Faina, Eleri Cardozo}},
  title = 	 {{A TINA-based Distributed Environment for Mobile Multimedia Applications}},
  booktitle = 	 {Managing QoS in Multimedia Networks, Services},
  OPTcrossref =  {},
  OPTkey = 	 {},
  pages = 	 {163-175},
  publisher =    {Kluwer Academic Publishers},
  year = 	 {2000},
  editor = 	 {José Neuman de Souza, Raouf Boutaba},
  OPTvolume = 	 {},
  OPTnumber = 	 {},
  OPTseries = 	 {},
  OPTtype = 	 {},
  OPTchapter = 	 {},
  OPTaddress = 	 {},
  OPTedition = 	 {},
  OPTmonth = 	 {},
  OPTnote = 	 {},
  OPTannote = 	 {}
}

@InBook{inbook-santos00,
  author = 	 {{Euripedes P. Santos, Fernando J. Von-Zuben}},
  editor = 	 {},
  title = 	 {{Recurrent Neural Networks: Design, Applications}},
  chapter = 	 {Efficient Second-Order Learning Algorithms for Discrete-Time Recurrent Neural Networks},
  publisher = 	 {CRC Press},
  year = 	 {2000},
  OPTkey = 	 {},
  volume = 	 {13th},
  OPTnumber = 	 {},
  series = 	 {International Series on Computational Intelligence},
  OPTtype = 	 {},
  OPTaddress = 	 {},
  OPTedition = 	 {},
  OPTmonth = 	 {},
  pages = 	 {47-75},
  OPTnote = 	 {},
  OPTannote = 	 {}
}

\begin{comment}
@Proceedings{proc-sbrc02,
  title = 	 {{XX Simpósio Brasileiro de Redes de Computadores}},
  year = 	 {2002},
  OPTkey = 	 {},
  booktitle =    {Anais do XX SBRC},
  editor = 	 {{Luci Pirmez, Luis Fernando Carmo, Raimundo José Macêdo}},
  volume = 	 {I},
  OPTnumber = 	 {},
  OPTseries = 	 {},
  OPTaddress = 	 {},
  month = 	 {Maio},
  organization = {Sociedade Brasileira de Computação},
  publisher =    {Núcleo de Computação Eletrônica da UFRJ},
  OPTnote = 	 {},
  OPTannote = 	 {}
}
\end{comment}

@Book{book-lamport94,
  author = 	 {{Witold Pedrycz, Fernando A. C. Gomide}},
  ALTeditor = 	 {},
  title = 	 {{An Introduction to Fuzzy Sets: Analysis and Design (Complex Adaptive Systems)}},
  publisher = 	 {MIT Press},
  year = 	 {1998},
  OPTkey = 	 {},
  OPTvolume = 	 {},
  OPTnumber = 	 {},
  OPTseries = 	 {},
  OPTaddress = 	 {},
  OPTedition = 	 {},
  OPTmonth = 	 {},
  OPTnote = 	 {},
  OPTannote = 	 {}
}

@TechReport{phd-faina01,
  author = 	 {{Luis F. Faina}},
  title = 	 {{Uma Arquitetura para Suporte à Ubiqüidade dos Serviços de Telecomunicações Baseada na Arquitetura TINA e em Agentes Móveis}},
  institution =  {Faculdade de Engenharia Elétrica e de Computação, UNICAMP},
  year = 	 {2000},
  OPTkey = 	 {},
  type = 	 {Tese de Doutorado},
  OPTaddress = 	 {},
  month = 	 {Dezembro},
  OPTnote = 	 {},
  OPTannote = 	 {}
}

@TechReport{msc-santos03,
  author = 	 {{José C. S. Santos-Filho}},
  title = 	 {{Combinação por Ganho Igual em Ambiente com Desvanecimento Arbitrário}},
  institution =  {Faculdade de Engenharia Elétrica e de Computação, UNICAMP},
  year = 	 {2003},
  OPTkey = 	 {},
  type = 	 {Tese de Mestrado},
  OPTaddress = 	 {},
  month = 	 {Agosto},
  OPTnote = 	 {},
  OPTannote = 	 {}
}

@TechReport{rep-omg2000,
  author = 	 {{Object Management Group}},
  title = 	 {{Audio/Video Streams, Version 1.0}},
  institution =  {Object Management Group},
  year = 	 {2000},
  key = 	 {},
  type =	 {OMG Specification},
  number =	 {formal/2000-01-03},
  OPTaddress = 	 {},
  month =	 {January},
  note =	 {\url{http://www.omg.org/}},
  OPTannote = 	 {}
}

@TechReport{hp-dia03,
  author = 	 {{Alexander Larsson}},
  title = 	 {{Dia's Homepage}},
  institution =  {Lysator, The Academic Computer Society},
  year = 	 {2003},
  OPTkey = 	 {},
  type =	 {Página na Internet},
  key = 	 {DIA},
  month =	 {Agosto},
  note =	 {\url{http://www.lysator.liu.se/~alla/dia/dia.html}},
  OPTannote = 	 {}
}


@Manual{man-orbix99,
  title = 	 {{Orbix Programming Reference}},
  key = 	 {},
  author = 	 {{IONA Technologies}},
  organization = {IONA Technologies PLC},
  address = 	 {Dublin, Ireland},
  OPTedition = 	 {},
  month = 	 {Outubro},
  year = 	 {1999},
  OPTnote = 	 {},
  OPTannote = 	 {}
}

@Unpublished{unp-sichman02,
  author = 	 {{Jaime S. Sichman}},
  title = 	 {{Sobre Agentes Móveis e Fixos}},
  note = 	 {Comunicação pessoal por e-mail},
  OPTkey = 	 {},
  month = 	 {Março},
  year = 	 {2002},
  OPTannote = 	 {}
}

@Misc{misc-cruz03,
  OPTkey = 	 {},
  author = 	 {{Renato Cruz}},
  title = 	 {{Padrão Brasileiro de TV Enfrenta Oposição}},
  howpublished = {Jornal O Estado de São Paulo},
  month = 	 {02 de Fevereiro},
  year = 	 {2003},
  note = 	 {Opinião do Prof. Max Costa},
  OPTannote = 	 {}
}

