%% ja temos estudado e representado a musicalidade como um valor,
%% que representa a quantidade de informação mutua entre o movimento e a música, $I(M_u;M_o)$;
%% porem, não temos falado do parametros que influenciam o aumento o diminuição deste valor;
%% é dizer, se modelamos a musicalidade, $I(M_u;M_o)$, como uma função, $f(x_1, ...,x_N)$, de $N$ variáveis, 
%% poderemos definir que $f:\mathbb {R} ^{N}\rightarrow \mathbb {R}$;
%% de modo que, a origem da informação da musicalidade para ser definida espacialmente, 
%% precisa ser ubicada num dominio N-dimencional.
%%
%% Neste ponto, podemos percever que esse numero N, de dimensões, pode ser tão grande
%% quanto o espesificos queiramos ser na definição de aspectos influenciadores. 
%% Nesse sentido a dançarina Karin Norgard, 
%% indica que podemos modelar a musicalidade como se estivesse caraterizada principalmente,
%% em $N=5$ dimenções o elementos:
%%    The Creative Element
%%    The Emotional Element
%%    The Somatic Element
%%    The Relational Element
%%    The Improvisational Element

@online{SimpleLabel1,
  author = {Karin Norgard},
  title = {The Five Elements of Musicality, Part 2: The Creative Element},
  year = 2013,
  url = {http://joymotiondance.com/musicality-part-2-creative-element/},
  urldate = {2019-09-30} % When I visited the site
}
