
%%%%%%%%%%%%%%%%%%%%%%%%%%%%%%%%%%%%%%%%%%%%%%%%%%%%%%%%%%%%%%%%%%%%%%%%%%%%%%%%
@misc{priberamgiria,
  author={Gíria},
  title={In: Dicionário Priberam da Língua Portuguesa [em linha]},
  year ={2008-2013},
  url={https://dicionario.priberam.org/gíria},
  urldate = {2019-05-20}
}

@misc{priberamcontratempo,
  author={Contratempo},
  title={In: Dicionário Priberam da Língua Portuguesa [em linha]},
  year ={2008-2013},
  url={https://dicionario.priberam.org/contratempo},
  urldate = {2019-05-20}
}

@misc{priberamneologismo,
  author={Neologismo},
  title={In: Dicionário Priberam da Língua Portuguesa [em linha]},
  year ={2008-2013},
  url={https://dicionario.priberam.org/neologismo},
  urldate = {2019-05-20}
}
%%%%%%%%%%%%%%%%%%%%%%%%%%%%%%%%%%%%%%%%%%%%%%%%%%%%%%%%%%%%%%%%%%%%%%%%%%%%%%%%

@book{correalingua,
  title={Língua Portuguesa: Da Oralidade À Escrita},
  author={Correa, V.L.},
  isbn={9788538706472},
  url={https://books.google.com.br/books?id=3tUMDe2V-AAC},
  publisher={Iesde Brasil Sa}
}
%%%%%%%%%%%%%%%%%%%%%%%%%%%%%%%%%%%%%%%%%%%%%%%%%%%%%%%%%%%%%%%%%%%%%%%%%%%%%%%%
@book{borges2012historia,
  title={Historia del baile y la rueda de casino-salsa},
  author={Borges, A. and Sardiñas, A.},
  isbn={9789597209331},
  lccn={2014480802},
  series={Arpegio (Havana, Cuba)},
  url={https://books.google.com.br/books?id=bXo7DwAAQBAJ},
  year={2012},
  publisher={Ediciones Cubanas, Artex}
}
