
@article{de4danccas,
  title={Dan{\c{c}}as licenciosas, voluptuosas, sensuais.... mas atraentes!: Representa{\c{c}}{\~o}es do batuque em relatos de viajantes (Brasil-s{\'e}culo XIX)},
  author={de Souza, Silvia Cristina Martins},
  journal={Revista Brasileira de Hist{\'o}ria das Religi{\~o}es},
  issn={1983-2850},
  volume={4},
  number={11},
  month={9},
  year={2011},
  url={http://www.dhi.uem.br/gtreligiao/n11-2011.html}
}

@book{lara2007memoria,
  title={Mem{\'o}ria do Jongo: as grava{\c{c}}{\~o}es hist{\'o}ricas de Stanley J. Stein, Vassouras, 1949},
  author={Lara, S.H. and Pacheco, G.},
  isbn={9788587199102},
  lccn={2008318475},
  url={https://books.google.com.br/books?id=f5AmAQAAIAAJ},
  year={2007},
  publisher={Cecult}
}


@book{sandroni2001feitico,
  title={Feiti{\c{c}}o decente: transforma{\c{c}}{\~o}es do samba no Rio de Janeiro, 1917-1933},
  author={Sandroni, C.},
  isbn={9788571106062},
  lccn={01298065},
  url={https://books.google.com.br/books?id=j7xdp3d0gsIC},
  year={2001},
  publisher={Jorge Zahar Editor}
}


@misc{batuqueBraziliense,
  author       = {Correio Braziliense}, 
  title        = {Correio braziliense ou armazem literario},
  howpublished = {Correio Braziliense},
  %month        = {}, %0
  year         = {1817},
  url          = {http://memoria.bn.br/DocReader/700142x/13656}
}

@misc{sambadiariodepernanbuco,
  author       = {Diario de Pernambuco}, 
  title        = {Ordem do dia do Quartel do Governo das Armas em Pernambuco},
  howpublished = {Diario de Pernambuco (PE)},
  number       = {445},
  %month        = {}, %0
  year         = {1830},
  url          = {http://memoria.bn.br/DocReader/029033_01/2387}
}

@misc{sambaperiodicoocapuceiro,
  author       = {O Carapuceiro}, 
  title        = {Os gostos extravagantes},
  howpublished = {O Carapuceiro : Periodico semper moral, e so'per accidens Politico (PE)},
  number       = {6},
  %month        = {}, %0
  year         = {1838},
  url          = {http://memoria.bn.br/DocReader/750000/2158}
}

@misc{sambadiariorj1,
  author       = {Diário do Rio de Janeiro}, 
  title        = {Interior, Pernambuco},
  howpublished = {Diário do Rio de Janeiro (RJ)},
  number       = {88},
  month        = {4}, %19
  year         = {1839},
  url          = {http://memoria.bn.br/DocReader/094170_01/21617}
}

@misc{sambaperiodicoocapuceiro2,
  author       = {O Carapuceiro}, 
  title        = {Resposta do matuto à carta do seu compadre o Doctor Fagundes à cerca dos augmentos do Recife},
  howpublished = {O Carapuceiro : Periodico semper moral, e so'per accidens Politico (PE)},
  number       = {65},
  month        = {11}, %12
  year         = {1842},
  url          = {http://memoria.bn.br/DocReader/750000/2856}
}


@misc{sambaperiodicooguaycuru,
  author       = {O Guaycuru}, 
  title        = {Correspondencia},
  howpublished = {O Guaycuru : Os principios são tudo, os homens pouco (BA)},
  number       = {198},
  month        = {5}, %
  year         = {1846},
  url          = {http://memoria.bn.br/DocReader/709794/523}
}

@misc{sambaperiodicoocosmorama,
  author       = {O Cosmorama na Bahia}, 
  title        = {Ida Edelvira - Um passo a dous},
  howpublished = {O Cosmorama na Bahia (BA)},
  number       = {11},
  month        = {12}, %15
  year         = {1849},
  url          = {http://memoria.bn.br/DocReader/718785/34}
}

@article{fernandes2001escolas,
  title={Escolas de samba: sujeitos celebrantes e objetos celebrados},
  author={Fernandes, Nelson da Nobrega},
  journal={Rio de Janeiro: Secretaria das Culturas},
  year={2001},
  url ={http://www.rio.rj.gov.br/dlstatic/10112/4204430/4101441/samba.pdf}
}

%@misc{sambaCorreioParaense,
%  author       = {Correio Paraense}, 
%  title        = {Carteira do reporter},
%  howpublished = {Correio Paraense : Diario Noticioso, Commercial e Litterario (PA)},
%  number       = {417},
%  month        = {9}, %28
%  year         = {1893},
%  url          = {http://memoria.bn.br/DocReader/302619/1573}
%}



@book{jotaefege,
  title={O cabrocha},
  author={Jota Efegê},
  %isbn={9788571106062},
  url={http://www.academiadosamba.com.br/memoriasamba/bibliografia/pdf/Livro-OCabrocha-JotaEfege.pdf},
  year={1931},
  publisher={CASA LEUZINGER}
}

@book{diniz2008almanaque,
  title={Almanaque do carnaval: A hist{\'o}ria do carnaval, o que ouvir, o que ler, onde curtir},
  author={Diniz, A.},
  isbn={9788537802922},
  url={https://books.google.com.br/books?id=F64JGZUQui4C},
  year={2008},
  publisher={Zahar}
}


@book{diniz2003almanaque,
  title={Almanaque do choro: a hist{\'o}ria do chorinho, o que ouvir, o que ler, onde curtir},
  author={Diniz, A.},
  isbn={9788571106987},
  lccn={2005344638},
  url={https://books.google.com.br/books?id=Ahr4EPp1pHUC},
  year={2003},
  publisher={Jorge Zahar Editor Ltda.}
}

@book{da2015historia,
  title={Hist{\'o}ria dos nossos gestos},
  author={da C{\^a}mara Cascudo, L.},
  isbn={9788526017238},
  url={https://books.google.com.br/books?id=-69cBAAAQBAJ},
  year={2015},
  publisher={Global Editora}
}

@book{coutinho2006cronistas,
  title={Os cronistas de momo: imprensa e carnaval na primeira rep{\'u}blica},
  author={Coutinho, E.G.},
  isbn={9788571082977},
  series={Hist{\'o}ria, cultura e id{\'e}ias},
  url={https://books.google.com.br/books?id=HlqBAAAAMAAJ},
  year={2006},
  publisher={Editora UFRJ}
}

@book{neres1999negro,
  title={Negro e negritude},
  author={Neres, J.M. and Cardoso, M. and Markunas, M.},
  number={v. 2-3},
  isbn={9788515016587},
  lccn={98832507},
  series={Cole{\c{c}}{\~a}o Hist{\'o}ria tem{\'a}tica retrospectiva},
  url={https://books.google.com.br/books?id=7XsGfPu2adYC},
  year={1999},
  publisher={Edi{\c{c}}{\~o}es Loyola}
}

@book{de2008bexiga,
  title={Bexiga: um bairro afro-italiano},
  author={de Castro, M.S.},
  isbn={9788574198620},
  lccn={2009308624},
  url={https://books.google.com.br/books?id=RSawnh10dGcC},
  year={2008},
  publisher={Annablume}
}

@book{efege1974maxixe,
  title={Maxixe, a dan{\c{c}}a excomungada},
  author={Efeg{\^e}, J.},
  lccn={74225393},
  series={Cole{\c{c}}{\~a}o Temas brasileiros},
  url={https://books.google.com.br/books?id=abQNAAAAYAAJ},
  year={1974},
  publisher={Conquista}
}


@book{cabral1996escolas,
  title={As escolas de samba do Rio de Janeiro},
  author={Cabral, S.},
  lccn={97831036},
  url={https://books.google.com.br/books?id=p5SBAAAAMAAJ},
  year={1996},
  publisher={Lumiar Editora}
}


@book{moura1995tia,
  title={Tia Ciata e a pequena Africa no Rio de Janeiro},
  author={Moura, R.},
  isbn={9788585632052},
  lccn={95833092},
  series={Biblioteca carioca},
  url={https://books.google.com.br/books?id=OZWbdUUiT-kC},
  year={1995},
  publisher={Prefeitura da Cidade do Rio de Janeiro, Secretaria Municipal de Cultura, Departamento Geral de Documenta{\c{c}}{\~a}o e Informa{\c{c}}{\~a}o Cultural, Divis{\~a}o de Editora{\c{c}}{\~a}o}
}

@book{cabral2016elisete,
  title={Elisete Cardoso: uma vida},
  author={Cabral, S.},
  isbn={9788578651022},
  url={https://books.google.com.br/books?id=trWzDAAAQBAJ},
  year={2016},
  publisher={Lazuli}
}

%%%%%%%%%%%%%%%%%%%%%%%%%%%%%%%%%%%%%%%%%%%%%%%%%%%%%%%%%%%%%%%%%%%%%%%%%%%%%%%%
@book{musicapelotelefone,
    author = {São Paulo: Itaú Cultural},
    title = {PELO Telefone (1916)},
    publisher={Enciclopedia Itaú Cultural de Arte e Cultura Brasileiras. Acesso em: 25 de Abr. 2019},
    %month = "11",
    isbn ={978-85-7979-060-7},
    year = {2019},
    url = {http://enciclopedia.itaucultural.org.br/obra7091/pelo-telefone-1916},
}


