@book{balcells2002expresion,
  title={Expresión corporal y danza},
  author={Balcells, M.C.},
  isbn={9788495114068},
  series={Biblioteca temática del deporte},
  url={https://books.google.com.br/books?id=i6koXKSGv9QC},
  year={2002},
  publisher={INDE Publicaciones}
}

@book{bueno2016psicomotricidade,
  title={Psicomotricidade: Teoria e prática: Da escola à aquática},
  author={Bueno, J.M.},
  isbn={9788524922572},
  url={https://books.google.com.br/books?id=1FCaBQAAQBAJ},
  year={2016},
  publisher={Cortez Editora}
}

@book{gaiarsameio,
  title={Meio Seculo De Psicoterapia Verbal E Corporal},
  author={GAIARSA, J.A.},
  isbn={9788571830219},
  url={https://books.google.com.br/books?id=LGgqNAm-sS8C},
  publisher={Editora Agora}
}

@book{aranha2002desenvolvimento,
  title={Desenvolvimento infantil na creche},
  author={Aranha, M.L.A.R.},
  isbn={9788515008162},
  url={https://books.google.com.br/books?id=EGBcRmTGbG8C},
  year={2002},
  publisher={Loyola}
}

@book{vallejo2001cuerpo,
  title={Cuerpo en armonía: leyes naturales del movimiento},
  author={Vallejo, J.B.},
  isbn={9788495114990},
  url={https://books.google.com.br/books?id=WrVMnmWfKC4C},
  year={2001},
  publisher={INDE Publicaciones}
}


%%%%%%%%%%%%%%%%%%%%%%%%%%%%%%%%%%%%%%%%%%%%%%%%%%%%%%%%%%%%%%%%%%%%%%%%%%%%%%%%
@book{bolio2006fantasia,
  title={Fantasia En Movimiento},
  author={Bolio, N.D.},
  isbn={9789681859916},
  series={Aprendiendo Con El Cuerpo/ Learning With The Body},
  url={https://books.google.com.br/books?id=78I3IqDtiL8C},
  year={2006},
  publisher={Noriega}
}

@book{moreno2008expresion,
  title={Expresión y comunicación corporal, para la educación, recreación y calidad de vida},
  author={Moreno, M.J.C. and Cal, M.C.F.},
  isbn={9788498235999},
  url={https://books.google.com.br/books?id=XCnrCgAAQBAJ},
  year={2008},
  publisher={Wanceulen Editorial S.L.}
}
