@misc{wallon1968evoluccao,
  title={A evolução psicológica da criança. Lisboa: Persona},
  author={WALLON, H},
  year={1968},
  publisher={Martins fontes}
}

@article{Garanhani2015,
  doi = {10.1590/2175-623651737},
  url = {https://doi.org/10.1590/2175-623651737},
  year = {2015},
  month = {dec},
  publisher = {FapUNIFESP (SciELO)},
  volume = {40},
  number = {4},
  pages = {1005--1026},
  author = {Marynelma Camargo Garanhani and Lorena de Fátima Nadolny},
  title = {A Linguagem Movimento na Educação de Bebês para a Formação de Professores},
  journal = {Educação e Realidade}
}

@book{da2003imagem,
  title={Imagem Corporal - Conceito E Desenvolvimento},
  author={da Consolação G. Cunha F. Tavares, M.},
  isbn={9788520416372},
  url={https://books.google.com.br/books?id=Z9e6URka9kkC},
  year={2003},
  publisher={MANOLE}
}

@book{smith2011desarrollo,
  title={Desarrollo de las destrezas motoras: Juegos de Psicomotricidad de 18 meses a 5 años},
  author={Smith, J.L.},
  isbn={9788427717527},
  series={Primeros Años},
  url={https://books.google.com.br/books?id=qQuXBgAAQBAJ},
  year={2011},
  publisher={Narcea Ediciones}
}


%%%%%%%%%%%%%%%%%%%%%%%%%%%%%%%%%%%%%%%%%%%%%%%%%%%%%%%%%%%%%%%%%%%%%%%%%%%%%%%
% body isolation
@book{grob2020dance,
  title={Dance in West Africa: Analysis and description in relation to aspects of communication theory},
  author={Gro{\ss}, U.},
  isbn={9783830988748},
  url={https://books.google.com.br/books?id=KUXnDwAAQBAJ},
  year={2020},
  publisher={Waxmann Verlag GmbH}
}

@book{madrid2013danzon,
  title={Danz{\'o}n: Circum-Caribbean Dialogues in Music and Dance},
  author={Madrid, A.L. and Moore, R.D.},
  isbn={9780199965823},
  lccn={2013006423},
  series={Currents in Latin American and Iberian Music},
  url={https://books.google.com.br/books?id=2XFBAQAAQBAJ},
  year={2013},
  publisher={OUP USA}
}

@book{dils2001moving,
  title={Moving History/Dancing Cultures: A Dance History Reader},
  author={Dils, A. and Albright, A.C.},
  isbn={9780819564139},
  lccn={2001023549},
  url={https://books.google.com.br/books?id=yerTAAAAQBAJ},
  year={2001},
  publisher={Wesleyan University Press}
}

@book{antonacci2013memorias,
  title={Memórias ancoradas em corpos negros},
  author={Antonacci, M.A.},
  isbn={978-8-528-30447-3},
  lccn={2014343885},
  url={https://books.google.com.br/books?id=xiKkAgAAQBAJ},
  year={2013},
  publisher={Educ}
}


%%%%%%%%%%%%%%%%%%%%%%%%%%%%%%%%%%%%%%%%%%%%%%%%%%%%%%%%%%%%%%%%%%%%%%%%%%%%%%%%
% neurociencia

\begin{comment}
@misc{merriamwebster-neuroscience,
  author={Neuroscience},
  title={In: Merriam-Webster Medical Dictionary, Merriam-Webster, [em linha]},
  year ={2020},
  url={http://c.merriam-webster.com/medlineplus/neuroscience},
  urldate = {2020-10-13}
}

@book{lent2004cem,
  title={Cem bilh{\~o}es de neur{\^o}nios?: conceitos fundamentais de neuroci{\^e}ncia},
  author={Lent, Roberto},
  edition={2da},
  isbn={9788538801023},
  year={2004},
  publisher={Editora Atheneu}
}

@misc{NatureCognitiveNeuroscience,
    author = {Nature research},
	title = {Cognitive neuroscience},
	year = {2020},
    url = {https://www.nature.com/subjects/cognitive-neuroscience},
}
\end{comment}

