@misc{diciocabroeira,
  author={Cabroeira},
  title={In: DICIO, Dicionário Online de Português. Porto: 7Graus, [em linha]},
  year ={2018},
  url={https://www.dicio.com.br/cabroeira/},
  urldate = {2019-05-20}
}

%%%%%%%%%%%%%%%%%%%%%%%%%%%%%%%%%%%%%%%%%%%%%%%%%%%%%%%%%%%%%%%%%%%%%%%%%%%%%%%%
@book{raca1999,
  title={Raça Brasil},
  author={Simbolo.},
  number={n. 34-40},
  lccn={97648837},
  issn={0104-8856},
  url={https://books.google.com.br/books?id=KC4sAAAAYAAJ},
  year={1999},
  publisher={Editora Simbolo Ltda.}
}

%%%%%%%%%%%%%%%%%%%%%%%%%%%%%%%%%%%%%%%%%%%%%%%%%%%%%%%%%%%%%%%%%%%%%%%%%%%%%%%%
% Inauguracion do Elite Club

@misc{eliteinaugura,
  author       = {Diario Carioca}, 
  title        = {Inauguração do Elite Club},
  howpublished = {Diario Carioca},
  note         = {Julho 15},
  %month        = {7}, %15
  year         = {1930},
  url          = {http://memoria.bn.br/DocReader/DocReader.aspx?bib=093092_02&pagfis=2038&pesq=elite%20club}
}

%%%%%%%%%%%%%%%%%%%%%%%%%%%%%%%%%%%%%%%%%%%%%%%%%%%%%%%%%%%%%%%%%%%%%%%%%%%%%%%%
% Entrevistas ou recopilaciones sobre Julio Simoes
@misc{gafieirajournalmanchete,
  author       = {Newton Carlos and Gervásio Batista}, 
  title        = {Bodas de prata na gafieira},
  howpublished = {Manchete (RJ)},
  note         = {Setembro 24},
  %month        = {9}, %24
  year         = {1955},
  url          = {http://memoria.bn.br/DocReader/004120/11694}
}

@misc{entrevistajuliojournalbrasil1,
  author       = {Vera Pereira and Amaury Monteiro and Sêrgio Noronha}, 
  title        = {Tradição de gafieira - já não vai da valsa, mas do samba errado},
  howpublished = {Jornal do Brasil (RJ)},
  note         = {Agosto 3},
  %month        = {8}, %03
  year         = {1961},
  url          = {http://memoria.bn.br/DocReader/030015_08/20683}
}

@misc{juliosimoes,
  author       = {Jota Efegê}, 
  title        = {Júlio Simões, que foi Júlio da Kananga e Júlio da Elite},
  howpublished = {O Jornal -  Rio de Janeiro, GB},
  note         = {Agosto 4},
  %month        = {8}, %04
  year         = {1963},
  %url          = {http://docvirt.com/docreader.net/DocReader.aspx?bib=CDU&Pesq=j%C3%BAlio%20sim%C3%B5es}
  url          = {http://memoria.bn.br/DocReader/110523_06/29400}
}

@misc{simoesjournalbrasil1,
  author       = {Jornal do Brasil}, 
  title        = {Pai das gafieiras lembra sua vida e do Rio antigo},
  howpublished = {Jornal do Brasil (RJ)},
  note         = {Abril 29},
  %month        = {4}, %29
  year         = {1970},
  url          = {http://memoria.bn.br/DocReader/030015_09/7228}
}

@misc{simoesjournalalutademocratica1,
  author       = {Carlos Vinhaes}, 
  title        = {Elite Clube e Júlio Simões na História do Rio de Janeiro},
  howpublished = {A Luta Democratica},
  note         = {Agosto 9},
  %month        = {8}, %9
  year         = {1971},
  url          = {http://memoria.bn.br/DocReader/030678/48603}
}


@misc{respeitojournalbrasil1,
  author       = {Francisco Duarte}, 
  title        = {Gafieiras - Tratado geral do ambiente que existe respeito},
  howpublished = {Jornal do Brasil (RJ)},
  note         = {Agosto 12},
  %month        = {8}, %12
  year         = {1979},
  url          = {http://memoria.bn.br/DocReader/030015_09/203574}
}
%%%%%%%%%%%%%%%%%%%%%%%%%%%%%%%%%%%%%%%%%%%%%%%%%%%%%%%%%%%%%%%%%%%%%%%%%%%%%%%%
% Referencia de revistas al incidente con simoes y picareta

@book{instituto1987revista,
  title={Revista do Instituto Hist{\'o}rico e Geogr{\'a}fico do Rio de Janeiro},
  author={Instituto Hist{\'o}rico e Geogr{\'a}fico do Rio de Janeiro},
  lccn={98831703},
  issn={1519-5678},
  url={https://books.google.com.br/books?id=0xokAQAAIAAJ},
  year={1987},
  publisher={Instituto Hist{\'o}rico e Geogr{\'a}fico do Rio de Janeiro}
}

%%%%%%%%%%%%%%%%%%%%%%%%%%%%%%%%%%%%%%%%%%%%%%%%%%%%%%%%%%%%%%%%%%%%%%%%%%%%%%%%
% Referencias a palavra gafieira no jornal

@misc{gafieirajournaloradical1,
  author       = {O Radical}, 
  title        = {A sahida do baile},
  howpublished = {O Radical (RJ)},
  note         = {Setembro 8},
  %month        = {9}, %08
  year         = {1932},
  url          = {http://memoria.bn.br/docreader/DocReader.aspx?bib=830399&pagfis=769&pesq=gafieira}
}



@misc{gafieirajournalabatalha1,
  author       = {A Batalha}, 
  title        = {Depois da noitada de dansa..},
  howpublished = {O Batalha (RJ)},
  note         = {Setembro 9},
  %month        = {9}, %09
  year         = {1932},
  url          = {http://memoria.bn.br/docreader/DocReader.aspx?bib=175102&pagfis=6328&pesq=gafieira}
}

@misc{gafieirajournalbrasil1,
  author       = {Jornal do Brasil}, 
  title        = {À porta de uma gafieira},
  howpublished = {Jornal do Brasil (RJ)},
  note         = {Janeiro 9},
  %month        = {1}, %09
  year         = {1934},
  url          = {http://memoria.bn.br/docreader/DocReader.aspx?bib=030015_05&pagfis=39721&pesq=gafieira}
}


%%%%%%%%%%%%%%%%%%%%%%%%%%%%%%%%%%%%%%%%%%%%%%%%%%%%%%%%%%%%%%%%%%%%%%%%%%%%%%%%
% primeira gafieira do Brasil 
@book{cabral2016elisete,
  title={Elisete Cardoso: uma vida},
  author={Cabral, S.},
  isbn={9788578651022},
  url={https://books.google.com.br/books?id=trWzDAAAQBAJ},
  year={2016},
  publisher={Lazuli}
}

%%%%%%%%%%%%%%%%%%%%%%%%%%%%%%%%%%%%%%%%%%%%%%%%%%%%%%%%%%%%%%%%%%%%%%%%%%%%%%%%
%%%%%%%%%%%%%%%%%%%%%%%%%%%%%%%%%%%%%%%%%%%%%%%%%%%%%%%%%%%%%%%%%%%%%%%%%%%%%%%%
%%%%%%%%%%%%%%%%%%%%%%%%%%%%%%%%%%%%%%%%%%%%%%%%%%%%%%%%%%%%%%%%%%%%%%%%%%%%%%%%
%%%%%%%%%%%%%%%%%%%%%%%%%%%%%%%%%%%%%%%%%%%%%%%%%%%%%%%%%%%%%%%%%%%%%%%%%%%%%%%%

@book{musicaestatuto,
    author = {São Paulo: Itaú Cultural},
    title = {Estatutos da Gafieira.},
    publisher={Enciclopedia Itaú Cultural de Arte e Cultura Brasileiras. Acesso em: 05 de Nov. 2017},
    %month = "11",
    isbn ={978-85-7979-060-7},
    year = {2017},
    url = {http://enciclopedia.itaucultural.org.br/obra70072/estatutos-da-gafieira},
}



@misc{musicaestatutojournal1955,
    author = {Cinelândia},
	title = {Cantando no Chiveiro - Vexame},
    howpublished = {Cinelândia (RJ)},
    number={n. 75},
    month = {12},
	year = {1955},
    url = {http://memoria.bn.br/DocReader/312622/4254},
}


@book{diccionario1858,
  author={Antonio Jose da Rocha},
  title={Diccionario da lingua portugueza},
  number={Tomo I: A-E},
  edition= {6},
  url={https://books.google.com.br/books?id=KXLlRqBwZ90C},
  year={1858},
  publisher={Na Impressão Regia}
}


@misc{depoimentobilly,
    author = {Felipe Berocan Veiga},
	title = {A dança das regras : a invenção dos estatutos e o lugar do respeito nas gafieiras cariocas},
    month = {7},
	year = {2011},
    url = {"http://lemetro.ifcs.ufrj.br/felipe_berocan_a_danca_das_regras.pdf"},
}


%%%%%%%%%%%%%%%%%%%%%%%%%%%%%%%%%%%%%%%%%%%%%%%%%%%%%%%%%%%%%%%%%%%%%%%%%%%%%%%%
%%%%%%%%%%%%%%%%%%%%%%%%%%%%%%%%%%%%%%%%%%%%%%%%%%%%%%%%%%%%%%%%%%%%%%%%%%%%%%%%
%%%%%%%%%%%%%%%%%%%%%%%%%%%%%%%%%%%%%%%%%%%%%%%%%%%%%%%%%%%%%%%%%%%%%%%%%%%%%%%%
%%%%%%%%%%%%%%%%%%%%%%%%%%%%%%%%%%%%%%%%%%%%%%%%%%%%%%%%%%%%%%%%%%%%%%%%%%%%%%%%

@article{fernandes2001escolas,
  title={Escolas de samba: sujeitos celebrantes e objetos celebrados},
  author={Fernandes, Nelson da Nobrega},
  journal={Rio de Janeiro: Secretaria das Culturas},
  year={2001},
  url ={http://www.rio.rj.gov.br/dlstatic/10112/4204430/4101441/samba.pdf}
}


@book{jotaefege,
  title={O cabrocha},
  author={Jota Efegê},
  %isbn={9788571106062},
  url={http://www.academiadosamba.com.br/memoriasamba/bibliografia/pdf/Livro-OCabrocha-JotaEfege.pdf},
  year={1931},
  publisher={CASA LEUZINGER}
}


@book{diniz2003almanaque,
  title={Almanaque do choro: a história do chorinho, o que ouvir, o que ler, onde curtir},
  author={Diniz, A.},
  isbn={9788571106987},
  lccn={2005344638},
  url={https://books.google.com.br/books?id=Ahr4EPp1pHUC},
  year={2003},
  publisher={Jorge Zahar Editor Ltda.}
}

@book{coutinho2006cronistas,
  title={Os cronistas de momo: imprensa e carnaval na primeira república},
  author={Coutinho, E.G.},
  isbn={9788571082977},
  series={História, cultura e idéias},
  url={https://books.google.com.br/books?id=HlqBAAAAMAAJ},
  year={2006},
  publisher={Editora UFRJ}
}

@book{neres1999negro,
  title={Negro e negritude},
  author={Neres, J.M. and Cardoso, M. and Markunas, M.},
  number={v. 2-3},
  isbn={9788515016587},
  lccn={98832507},
  series={Cole{\c{c}}{\~a}o Hist{\'o}ria tem{\'a}tica retrospectiva},
  url={https://books.google.com.br/books?id=7XsGfPu2adYC},
  year={1999},
  publisher={Edi{\c{c}}{\~o}es Loyola}
}

@book{de2008bexiga,
  title={Bexiga: um bairro afro-italiano},
  author={de Castro, M.S.},
  isbn={9788574198620},
  lccn={2009308624},
  url={https://books.google.com.br/books?id=RSawnh10dGcC},
  year={2008},
  publisher={Annablume}
}

@book{efege1974maxixe,
  title={Maxixe, a dança excomungada},
  author={Efegê, J.},
  lccn={74225393},
  series={Coleção Temas brasileiros},
  url={https://books.google.com.br/books?id=abQNAAAAYAAJ},
  year={1974},
  publisher={Conquista}
}


@book{cabral1996escolas,
  title={As escolas de samba do Rio de Janeiro},
  author={Cabral, S.},
  lccn={97831036},
  url={https://books.google.com.br/books?id=p5SBAAAAMAAJ},
  year={1996},
  publisher={Lumiar Editora}
}


@book{moura1995tia,
  title={Tia Ciata e a pequena Africa no Rio de Janeiro},
  author={Moura, R.},
  isbn={9788585632052},
  lccn={95833092},
  series={Biblioteca carioca},
  url={https://books.google.com.br/books?id=OZWbdUUiT-kC},
  year={1995},
  publisher={Prefeitura da Cidade do Rio de Janeiro, Secretaria Municipal de Cultura, Departamento Geral de Documentação e Informação Cultural, Divisão de Editoração}
}

%%%%%%%%%%%%%%%%%%%%%%%%%%%%%%%%%%%%%%%%%%%%%%%%%%%%%%%%%%%%%%%%%%%%%%%%%%%%%%%%
%%%%%%%%%%%%%%%%%%%%%%%%%%%%%%%%%%%%%%%%%%%%%%%%%%%%%%%%%%%%%%%%%%%%%%%%%%%%%%%%
%%%%%%%%%%%%%%%%%%%%%%%%%%%%%%%%%%%%%%%%%%%%%%%%%%%%%%%%%%%%%%%%%%%%%%%%%%%%%%%%
%%%%%%%%%%%%%%%%%%%%%%%%%%%%%%%%%%%%%%%%%%%%%%%%%%%%%%%%%%%%%%%%%%%%%%%%%%%%%%%%


@book{perna2002samba,
  title={Samba de gafieira: a história da dança de salão brasileira},
  author={Perna, Marco Antonio},
  isbn={8590196585},
  year={2001},
  edition   = {2},
  url={https://books.google.com.br/books?id=9gc0AAAACAAJ},
  address   = {Rio de Janeiro, Brasil},
  publisher={ Marco Antonio Perna}
}

%%%%%%%%%%%%%%%%%%%%%%%%%%%%%%%%%%%%%%%%%%%%%%%%%%%%%%%%%%%%%%%%%%%%%%%%%%%%%%%%
%%%%%%%%%%%%%%%%%%%%%%%%%%%%%%%%%%%%%%%%%%%%%%%%%%%%%%%%%%%%%%%%%%%%%%%%%%%%%%%%
%%%%%%%%%%%%%%%%%%%%%%%%%%%%%%%%%%%%%%%%%%%%%%%%%%%%%%%%%%%%%%%%%%%%%%%%%%%%%%%%
%%%%%%%%%%%%%%%%%%%%%%%%%%%%%%%%%%%%%%%%%%%%%%%%%%%%%%%%%%%%%%%%%%%%%%%%%%%%%%%%

@article{spielmann2016reflexoes,
  title={Reflexões sobre a construção dos discursos e dos sentidos sobre "gafieiras" no Rio de Janeiro},
  author={Spielmann, Daniela},
  journal={Anais do SIMPOM},
  volume={4},
  number={4},
  url ={http://www.seer.unirio.br/index.php/simpom/article/view/5717},
  year={2016}
}

%%%%%%%%%%%%%%%%%%%%%%%%%%%%%%%%%%%%%%%%%%%%%%%%%%%%%%%%%%%%%%%%%%%%%%%%%%%%%%%%
@misc{oldgafieira1,
    author = {O Imparcial},
    title  = {Batalha de ``confetti''},
    howpublished = {O Imparcial (RJ)},
    number ={n. 1476},
    note   = {Janeiro 17},
    %month = {1}, %17
    year   = {1917},
    url    = {http://memoria.bn.br/DocReader/107670_01/14760},
}

@misc{oldgafieira2,
    author = {O Imparcial},
    title  = {Grande batalha de ``confetti''},
    howpublished = {O Imparcial (RJ)},
    number ={n. 1861},
    note   = {Fevereiro 8},
    %month = {2}, %8
    year   = {1918},
    url    = {http://memoria.bn.br/docreader/107670_01/19001},
}

@misc{oldgafieira3,
    author = {Gazeta de Noticias},
    title  = {Club dos carnavalescos do Andarahy - 1ra Critica - A Gafieira},
    howpublished = {Gazeta de Noticias (RJ)},
    %number ={ },
    note   = {Março 3},
    %month = {3}, %3
    year   = {1919},
    url    = {http://memoria.bn.br/DocReader/103730_04/46240},
}

@misc{oldgafieira4,
    author = {A Razão},
    title  = {``Charivari'' num club suburbano - Fechado pela policia},
    howpublished = {A Razão (RJ)},
    %number ={ },
    note   = {Janeiro 19},
    %month = {1}, %19
    year   = {1970},
    url    = {http://memoria.bn.br/DocReader/129054/9266},
}

%%%%%%%%%%%%%%%%%%%%%%%%%%%%%%%%%%%%%%%%%%%%%%%%%%%%%%%%%%%%%%%%%%%%%%%%%%%%%%%%
@misc{gafieira2000reis,
    author = {Jornal do Brasil},
    title  = {Gafieira: A morte de um passado de glória},
    howpublished = {Jornal do Brasil (RJ)},
    number ={160},
    note   = {Outubro 10},
    %month = {10}, %10
    year   = {1970},
    url    = {http://memoria.bn.br/DocReader/030015_09/18013},
}

%%%%%%%%%%%%%%%%%%%%%%%%%%%%%%%%%%%%%%%%%%%%%%%%%%%%%%%%%%%%%%%%%%%%%%%%%%%%%%%%
@misc{gafieiraaredeout1,
    author = {O Fluminense},
    title  = {Aos 56 anos, a Gafieira Elite entra para História do Rio},
    howpublished = {O Fluminense (RJ)},
    %number ={ },
    note   = {Julho 14},
    %month = {7}, %14
    year   = {1986},
    url    = {http://memoria.bn.br/DocReader/100439_12/55229},
}

%%%%%%%%%%%%%%%%%%%%%%%%%%%%%%%%%%%%%%%%%%%%%%%%%%%%%%%%%%%%%%%%%%%%%%%%%%%%%%%%
@misc{gafieiraaredeout2,
    author = {Jornal dos Sports},
    title  = {Elite festeja hoje a história da gagieira},
    howpublished = {Jornal dos Sports (RJ)},
    number = {17651},
    note   = {Julho 17},
    %month = {7}, %17
    year   = {1986},
    url    = {http://memoria.bn.br/DocReader/112518_05/37295},
}
%%%%%%%%%%%%%%%%%%%%%%%%%%%%%%%%%%%%%%%%%%%%%%%%%%%%%%%%%%%%%%%%%%%%%%%%%%%%%%%%
@misc{gafieiraaredeout3,
    author = {Sérgio Cabral},
    title  = {A Elite nasceu para congregar pretos e brancos, pobres e ricos},
    howpublished = {Tribuna da Imprensa (RJ)},
    number = {11145},
    note   = {Novembro 20},
    %month = {11}, %20
    year   = {1985},
    url    = {http://memoria.bn.br/DocReader/154083_04/21047},
}

%%%%%%%%%%%%%%%%%%%%%%%%%%%%%%%%%%%%%%%%%%%%%%%%%%%%%%%%%%%%%%%%%%%%%%%%%%%%%%%%
@book{efege1982figuras,
  title={Figuras e coisas do carnaval carioca},
  author={Efegê, J.},
  lccn={82148630},
  url={https://books.google.com.br/books?id=AIMNAAAAYAAJ},
  year={1982},
  publisher={FUNARTE}
}


%%%%%%%%%%%%%%%%%%%%%%%%%%%%%%%%%%%%%%%%%%%%%%%%%%%%%%%%%%%%%%%%%%%%%%%%%%%%%%%%
@article{almeida1996dicionario,
  title={Dicionário de questões vernáculas},
  author={Almeida, Napoleão Mendes de},
  journal={Ed. Caminho Suave},
  year={1981}
}


