@book{musicapelotelefone,
    author = {São Paulo: Itaú Cultural},
    title = {PELO Telefone (1916)},
    publisher={Enciclopédia Itaú Cultural de Arte e Cultura Brasileiras. Acesso em: 25 de Abr. 2019},
    %month = "11",
    isbn ={978-85-7979-060-7},
    year = {2019},
    url = {http://enciclopedia.itaucultural.org.br/obra7091/pelo-telefone-1916},
}


@misc{musicasambavariasdef1,
  author       = {Mariza}, 
  title        = {Música popular brasileira - Origem das modalidades musicais populares},
  howpublished = {Jornal do Brasil (RJ)},
  number       = {7},
  note         = {Janeiro 9},
%  month        = {1}, %9
  year         = {1938},
  url          = {http://memoria.bn.br/DocReader/030015_05/81823}
}



@online{sambafunkmusica,
  author   = {Matthew Kassel},
  title    = {Dom Salvador, o pianista que inventou o samba funk e o Brasil esqueceu},
  url      = {https://entretenimento.uol.com.br/noticias/nytimes/2018/11/19/dom-salvador-o-pianista-que-inventou-o-samba-funk-e-o-brasil-esqueceu.htm},
  urldate  = {2019-05-20} 
}


%@online{sambafunkeadoJimmyDeOliveira2,
%  author   = {Programa do Jô},
%  title    = {Jô Soares entrevista Nicette Bruno e Jimmy de Oliveira},
%  note     = {Outubro 12},
%  year     = {2015},
%  url      = {http://gshow.globo.com/programas/programa-do-jo/episodio/2015/10/12/jo-soares-entrevista-nicette-bruno-e-jimmy-de-oliveira.html},
%  urldate  = {2019-05-20} 
%}

@online{sambafunkeadoJimmyDeOliveiraPart1,
  author   = {Cia Zeijo},
  title    = {Jimmy de Oliveira - Cia Zeijo Entrevista - Parte 1},
  note     = {Publicado em dezembro 5},
  year     = {2018},
  url      = {https://www.youtube.com/watch?v=HFYa0GQDi3Y},
  urldate  = {2019-05-20} 
}

@online{sambafunkeadoJimmyDeOliveiraPart2,
  author   = {Cia Zeijo},
  title    = {Jimmy de Oliveira - Cia Zeijo Entrevista - Parte 2},
  note     = {Publicado em dezembro 12},
  year     = {2018},
  url      = {https://www.youtube.com/watch?v=u6MAjm-Cr4Q},
  urldate  = {2019-05-20} 
}


@online{sambafunkeadoJimmyDeOliveiraPart3,
  author   = {Cia Zeijo},
  title    = {Jimmy de Oliveira - Cia Zeijo Entrevista - Parte 3},
  note     = {Publicado em dezembro 19},
  year     = {2018},
  url      = {https://www.youtube.com/watch?v=YxmXGOsbmlM},
  urldate  = {2019-05-20} 
}


