

@misc{batuqueBraziliense,
  author       = {Correio Braziliense}, 
  title        = {Correio braziliense ou armazem literario},
  howpublished = {Correio Braziliense},
  %month        = {}, %0
  note         = {Vol. XVIII},
  year         = {1817},
  url          = {http://memoria.bn.br/DocReader/700142x/13656}
}

%%%%%%%%%%%%%%%%%%%%%%%%%%%%%%%%%%%%%%%%%%%%%%%%%%%%%%%%%%%%%%%%%%%%%%%%%%%%%%%%
@book{dorigny2019abolicoes,
  title={As Abolições da escravatura: no Brasil e no mundo},
  author={Dorigny, M.},
  isbn={9788552001393},
  url={https://books.google.com.br/books?id=0hSTDwAAQBAJ},
  year={2019},
  publisher={Editora Contexto}
}

@book{trento1989outro,
  title={Do outro lado do Atlântico: um século de imigração italiana no Brasil},
  author={Trento, A.},
  isbn={9788521305637},
  lccn={89159912},
  url={https://books.google.com.br/books?id=ncc7WLAXlmQC},
  year={1989},
  publisher={Nobel}
}

@book{durham1966assimilacao,
  title={Assimilação E Mobilidade: A História Do Imigrante Italiano Num Município Paulista},
  author={Durham, E.R.},
  lccn={75559602},
  series={Revista},
  url={https://books.google.com.br/books?id=M5CAngEACAAJ},
  year={1966},
  publisher={Universidade de São Paulo}
}

%%%%%%%%%%%%%%%%%%%%%%%%%%%%%%%%%%%%%%%%%%%%%%%%%%%%%%%%%%%%%%%%%%%%%%%%%%%%%%%%

@misc{batuqueperiodicogazetanoticias,
  author       = {Gazeta de Noticias}, 
  title        = {Codigo de posturas - Intendencia Municipal},
  howpublished = {Gazeta de Noticias (RJ)},
  number       = {46},
  note         = {Fevereiro 15},
%  month        = {2}, %15
  year         = {1890},
  url          = {http://memoria.bn.br/DocReader/103730_03/218}
}

@misc{batuqueperiodicogazetanoticias2,
  author       = {Gazeta de Noticias}, 
  title        = {Fenianos},
  howpublished = {Gazeta de Noticias (RJ)},
  number       = {48},
  note         = {Fevereiro 17},
%  month        = {2}, %17
  year         = {1890},
  url          = {http://memoria.bn.br/docreader/103730_03/227}
}

@misc{batuqueperiodicoacigarra,
  author       = {A Cigarra}, 
  title        = {Chronica},
  howpublished = {A Cigarra (RJ)},
  note         = {Anno I},
  %number       = {},
  note         = {Maio 16},
  %month        = {5}, %16
  year         = {1895},
  url          = {http://memoria.bn.br/DocReader/749591/10}
}

@misc{batuqueperiodicorevistabrasileira,
  author       = {Revista Brazileira}, 
  title        = {Giovannina},
  howpublished = {Revista Brazileira (RJ)},
  note         = {Tomo sexto. Segundo anno},
  %number       = {},
  %month        = {}, %
  year         = {1896},
  url          = {http://memoria.bn.br/docreader/139955/9054}
}

@misc{batuqueperiodicocorreiomanha,
  author       = {Correio da Manhã}, 
  title        = {Reclamações - Policia},
  howpublished = {Correio da Manhã (RJ)},
  %number       = {},
  note         = {Janeiro 5},
  %month        = {1}, %5
  year         = {1910},
  url          = {http://memoria.bn.br/DocReader/089842_02/48}
}

@misc{batuqueperiodicojornaldobrasil,
  author       = {Jornal do Brasil}, 
  title        = {Ladainha e pancadaria -- Baile e arrelia -- 41 prisões},
  howpublished = {Jornal do Brasil (RJ)},
  %number       = {},
  note         = {Abril 6},
  %month        = {4}, %6
  year         = {1910},
  url          = {http://memoria.bn.br/DocReader/030015_03/1550}
}

%%%%%%%%%%%%%%%%%%%%%%%%%%%%%%%%%%%%%%%%%%%%%%%%%%%%%%%%%%%%%%%%%%%%%%%%%%%%%%%%
@article{ICKES2013,
   title = {{Era das batucadas: o carnaval baiano das décadas 1930 e 1940}},
   journal = {{Afro-Ásia}},
   author={Ickes, Scott},
   ISSN = {0002-0591},
   language = {pt},
   URL = {http://www.scielo.br/scielo.php?script=sci_arttext&pid=S0002-05912013000100006&nrm=iso},
   year = {2013},
   month = {00},
   pages = {199 - 238},
   publisher = {scielo},
   crossref = {10.1590/S0002-05912013000100006},
   }

