

%%%%%%%%%%%%%%%%%%%%%%%%%%%%%%%%%%%%%%%%%%%%%%%%%%%%%%%%%%%%%%%%%%%%%%%%%%%%%%%%

@misc{fandangoSP,% historia do jongo
  author       = {Fundamentos}, 
  title        = {O jongo de São Luiz de Paratinga},
  howpublished = { Fundamentos : Revista de Cultura Moderna (SP) },
  number       = {1},
  %note         = {Junho},
  month        = {6}, % 
  year         = {1948},
  url          = {http://memoria.bn.br/DocReader/102725/49}
}

%%%%%%%%%%%%%%%%%%%%%%%%%%%%%%%%%%%%%%%%%%%%%%%%%%%%%%%%%%%%%%%%%%%%%%%%%%%%%%%%

@book{revista1979isto,
  title={Isto é},
  author={Encontro Editorial},
  number={n. 150-153; n. 155-157},
  lccn={77640188},
  url={https://books.google.com.br/books?id=S5cwAAAAYAAJ},
  year={1979},
  publisher={Encontro Editorial Ltda }
}

%%%%%%%%%%%%%%%%%%%%%%%%%%%%%%%%%%%%%%%%%%%%%%%%%%%%%%%%%%%%%%%%%%%%%%%%%%%%%%%%
@book{1920revista,
  title={Revista do Brasil},
  author={Revista do Brasil},
  volume = {XIII},
  number={n. 50},
  url={http://bibdig.biblioteca.unesp.br/handle/10/26275},
  year={1920}
}

%%%%%%%%%%%%%%%%%%%%%%%%%%%%%%%%%%%%%%%%%%%%%%%%%%%%%%%%%%%%%%%%%%%%%%%%%%%%%%%%
@book{nabuco2000oito,
  title={Oito décadas: memórias},
  author={Nabuco, Carolina},
  isbn={9788520910993},
  url={https://books.google.com.br/books?id=ErjuAAAAMAAJ},
  year={2000},
  publisher={Nova fronteira}
}

%%%%%%%%%%%%%%%%%%%%%%%%%%%%%%%%%%%%%%%%%%%%%%%%%%%%%%%%%%%%%%%%%%%%%%%%%%%%%%%%

@book{picadinho1,% 
  author       = {Gelasio Pimenta}, 
  title        = {A Cigarra},
  howpublished = {São Paulo, Brasil },
  number       = {131},
  note         = {Anno VII},
  month        = {3}, %1 
  year         = {1920},
  url          = {http://bibdig.biblioteca.unesp.br/handle/10/5623}
}

%%%%%%%%%%%%%%%%%%%%%%%%%%%%%%%%%%%%%%%%%%%%%%%%%%%%%%%%%%%%%%%%%%%%%%%%%%%%%%%%

@book{picadinho2,% 
  author       = {Gelasio Pimenta}, 
  title        = {A Cigarra},
  howpublished = {São Paulo, Brasil },
  number       = {139},
  note         = {Anno VII},
  month        = {7}, %1 
  year         = {1920},
  url          = {http://bibdig.biblioteca.unesp.br/handle/10/5656}
}

%%%%%%%%%%%%%%%%%%%%%%%%%%%%%%%%%%%%%%%%%%%%%%%%%%%%%%%%%%%%%%%%%%%%%%%%%%%%%%%%

@book{picadinho3,% 
  author       = {Gelasio Pimenta}, 
  title        = {A Cigarra},
  howpublished = {São Paulo, Brasil },
  number       = {140},
  note         = {Anno VII},
  month        = {7}, %1 
  year         = {1920},
  url          = {http://bibdig.biblioteca.unesp.br/handle/10/5660}
}

%%%%%%%%%%%%%%%%%%%%%%%%%%%%%%%%%%%%%%%%%%%%%%%%%%%%%%%%%%%%%%%%%%%%%%%%%%%%%%%%

@book{1976veja,
  author = {Revista Veja},
  title={Veja},
  number={n. 383-395},
  lccn={84643893},
  issn={0100-7122},
  url={https://books.google.com.br/books?id=tCI-AQAAIAAJ},
  year={1976},
  publisher={Editora Abril}
}

%%%%%%%%%%%%%%%%%%%%%%%%%%%%%%%%%%%%%%%%%%%%%%%%%%%%%%%%%%%%%%%%%%%%%%%%%%%%%%%%

@misc{BaileNoElite,
    author    = {João Nogueira},
    title     = {Baile no ELite},
    howpublished = {LP: Vida Boêmia},
    year     = {1978},
    %note     = { },
    url      = {http://dicionariompb.com.br/joao-nogueira/dados-artisticos},
}

%%%%%%%%%%%%%%%%%%%%%%%%%%%%%%%%%%%%%%%%%%%%%%%%%%%%%%%%%%%%%%%%%%%%%%%%%%%%%%%%

@misc{AtlantidaDance,% 40:35
    author    = {Watson Macêdo},
    title     = {Aviso aos navegantes},
    howpublished = {Atlântida Cinematográfica},
    year     = {1950},
    %month    = {},
    note     = {Versão da cinemateca brasileira - Secretaria do audiovisual MINC. 113 min.},
    url      = {http://www.bcc.org.br/filmes/443382},
}


%%%%%%%%%%%%%%%%%%%%%%%%%%%%%%%%%%%%%%%%%%%%%%%%%%%%%%%%%%%%%%%%%%%%%%%%%%%%%%%%
% Jaime Arôxa
%% 
 @misc{EntrevistaJaimeAroxa1,
   author = {Jaime Arôxa},
   title = {Entrevista por meio eletrônico, concedida a Fernando Pujaico Rivera},
   year = {2019},
   %url = "",
   note = {Outubro}
 }
