@misc{priberamprimigenio,
  author={Primigênio},
  title={In: Dicionário Priberam da Língua Portuguesa [em linha]},
  year ={2008-2013},
  url={https://dicionario.priberam.org/primig%C3%AAnio},
  urldate = {2019-05-20}
}

@article{REIS2003,
   title = {O que o rei não viu: música popular e nacionalidade no Rio de Janeiro da Primeira República},
   journal = {Estudos Afro-Asiáticos},
   author={Reis, Letícia Vidor de Sousa},
   ISSN = {0101-546X},
   URL = {http://www.scielo.br/scielo.php?script=sci_arttext&pid=S0101-546X2003000200003&nrm=iso},
   volume = {25},
   year = {2003},
   month = {00},
   pages = {237 - 279},
   publisher = {scielo},
   doi = {10.1590/S0101-546X2003000200003},
 }



@misc{sambagafieirarefbn,
  author       = {Revista da Semana}, 
  title        = {Eros Volusia - O pitoresco da excursão},
  howpublished = {Revista da Semana (RJ)},
  number       = {52},
  note         = {Dezembro 25},
  %month        = {12}, %25
  year         = {1948},
  url          = {http://memoria.bn.br/DocReader/025909_04/26563}
}



@book{freitas1959danca,
  title={Aprenda a dançar sem mestre},
  author={Ivan Freitas},
  %isbn={},
  year={1959},
  edition = {Edições de Ouro},
  %url={ },
  address   = {Rio de Janeiro,Brasil},
  %publisher={ }
}

@book{fornaciari1947aprender,
  title={Como aprender a dançar: novo método de danças modernas},
  author={Fornaciari, Gino},
  edition={2da Edição},
  publisher={Editora Cupolo Ltda.},
  year={1947},
}

@article{CORTES2014,
   title = {Como se toca o baiã: combinações de elementos musicais no repertório de Luiz Gonzaga},
   journal = {Per Musi},
   author={Côrtes, Almir},
   ISSN = {1517-7599},
   language = {pt},
   URL = {http://www.scielo.br/scielo.php?script=sci_arttext&pid=S1517-75992014000100020&nrm=iso},
   year = {2014},
   month = {06},
   pages = {195 - 208},
   publisher = {scielo},
   crossref = {10.1590/S1517-75992014000100020},
   }


