
@article{de4danccas,
  title={Danças licenciosas, voluptuosas, sensuais.... mas atraentes!: Representações do batuque em relatos de viajantes (Brasil-século XIX)},
  author={de Souza, Silvia Cristina Martins},
  journal={Revista Brasileira de História das Religiões},
  issn={1983-2850},
  volume={4},
  number={11},
  month={9},
  year={2011},
  url={http://www.dhi.uem.br/gtreligiao/n11-2011.html}
}

@book{lara2007memoria,
  title={Memória do Jongo: as gravações históricas de Stanley J. Stein, Vassouras, 1949},
  author={Lara, S.H. and Pacheco, G.},
  isbn={9788587199102},
  lccn={2008318475},
  url={https://books.google.com.br/books?id=f5AmAQAAIAAJ},
  year={2007},
  publisher={Cecult}
}


@book{sandroni2001feitico,
  title={Feitiço decente: transformações do samba no Rio de Janeiro, 1917-1933},
  author={Sandroni, C.},
  isbn={9788571106062},
  lccn={01298065},
  url={https://books.google.com.br/books?id=j7xdp3d0gsIC},
  year={2001},
  publisher={Jorge Zahar Editor}
}

@phdthesis{da1975origines,
  title={Origines de la samba urbaine {\`a} Rio de Janeiro},
  author={da Cunha Silva, Fl{\'a}vio Vieira},
  year={1975},
  school={Paris: Ecole Pratique de Hautes Etudes},
  url={https://catalogue.bnf.fr/ark:/12148/cb41038040d} %% Ruim procura o pdf
}


@misc{sambadiariodepernanbuco,
  author       = {Diario de Pernambuco}, 
  title        = {Ordem do dia do Quartel do Governo das Armas em Pernambuco},
  howpublished = {Diario de Pernambuco (PE)},
  number       = {445},
  year         = {1830},
  url          = {http://memoria.bn.br/DocReader/029033_01/2387}
}

@misc{sambaperiodicoocapuceiro,
  author       = {O Carapuceiro}, 
  title        = {Os gostos extravagantes},
  howpublished = {O Carapuceiro : Periodico moral, e so' per accidens politico (PE)},
  number       = {6},
  year         = {1838},
  url          = {http://memoria.bn.br/DocReader/750000/2158}
}

@misc{sambadiariorj1,
  author       = {Diário do Rio de Janeiro}, 
  title        = {Interior, Pernambuco},
  howpublished = {Diário do Rio de Janeiro (RJ)},
  number       = {88},
  note         = {Abril 19},
  year         = {1839},
  url          = {http://memoria.bn.br/DocReader/094170_01/21617}
}

@misc{sambaperiodicoocapuceiro2,
  author       = {O Carapuceiro}, 
  title        = {Resposta do matuto à carta do seu compadre o Doctor Fagundes à cerca dos augmentos do Recife},
  howpublished = {O Carapuceiro : Periodico moral, e so' per accidens politico (PE)},
  number       = {65},
  note         = {Novembro 12},
  year         = {1842},
  url          = {http://memoria.bn.br/DocReader/750000/2856}
}


@misc{sambaperiodicooguaycuru,
  author       = {O Guaycuru}, 
  title        = {Correspondencia},
  howpublished = {O Guaycuru : Os principios são tudo, os homens pouco (BA)},
  number       = {198},
  note         = {Maio 26},
  year         = {1846},
  url          = {http://memoria.bn.br/DocReader/709794/523}
}







@misc{sambaperiodicoocosmorama,
  author       = {O Cosmorama na Bahia}, 
  title        = {Ida Edelvira - Um passo a dous},
  howpublished = {O Cosmorama na Bahia (BA)},
  number       = {11},
  note         = {Dezembro 15},
  year         = {1849},
  url          = {http://memoria.bn.br/DocReader/718785/34}
}




@book{diniz2008almanaque,
  title={Almanaque do carnaval: A história do carnaval, o que ouvir, o que ler, onde curtir},
  author={Diniz, A.},
  isbn={9788537802922},
  url={https://books.google.com.br/books?id=F64JGZUQui4C},
  year={2008},
  publisher={Zahar}
}


@book{da2015historia,
  title={História dos nossos gestos},
  author={da Câmara Cascudo, L.},
  isbn={978-8-52-601723-8},
  url={https://books.google.com.br/books?id=-69cBAAAQBAJ},
  year={2015},
  publisher={Global Editora}
}





%%%%%%%%%%%%%%%%%%%%%%%%%%%%%%%%%%%%%%%%%%%%%%%%%%%%%%%%%%%%%%%%%%%%%%%%%%%%%%%%

@book{brasilpandeiro,
  title={Pandeiro - Técnicas, Grooves E Conceitos},
  author={BRASIL, N.},
  year={2006}
  isbn={978-8-57-407211-1},
  url={https://books.google.com.br/books?id=4zC3nP21s8QC},
  publisher={Irmãos Vitale}
}

@book{silva2009capoeira,
  title={A Capoeira E Seus Fundamentos},
  author={Silva, B.C.S.M.},
  url={https://books.google.com.br/books?id=-y44BQAAQBAJ},
  year={2009}
}


@misc{refebatucadajornal,
  author       = {Diario Carioca}, 
  title        = {É Batucada},
  howpublished = {Diario Carioca (RJ)},
  number       = {1.339},
  note         = {Dezembro 18},
  year         = {1932},
  url          = {http://memoria.bn.br/DocReader/093092_02/9081}
}

@misc{reffolclorebatucadajornal,
  author       = {O Jornal}, 
  title        = {A historia da choreographia brasileira},
  howpublished = {O Jornal (RJ)},
  number       = {6.017},
  note         = {Janeiro 22},
  year         = {1939},
  url          = {http://memoria.bn.br/DocReader/110523_03/49120}
}

@misc{jornalsambaderoda1,
  author       = {Manchete}, 
  title        = {Edison Carneiro},
  howpublished = {Manchete (RJ)},
  number       = {76},
  note         = {Outubro 3},
  year         = {1953},
  url          = {http://memoria.bn.br/DocReader/004120/4874}
}

@misc{jornalsambaderoda2,
  author       = {O Mundo Ilustrado}, 
  title        = {Edison Carneiro},
  howpublished = {O Mundo Ilustrado (RJ)},
  note         = {Janeiro 31},
  year         = {1959},
  url          = {http://memoria.bn.br/DocReader/119601/15759}
}

@misc{jornalsambaderoda3,
  author       = {O Cruzeiro: Revista}, 
  title        = {O Que Falta no Samba},
  howpublished = {O Cruzeiro: Revista (RJ)},
  number       = {30},
  note         = {Maio 30},
  year         = {1936},
  url          = {http://memoria.bn.br/DocReader/003581/17115}
}

@misc{jornalsambaderoda4,
  author       = {Folha do Povo : O vespertino do Espirito Santo}, 
  title        = {Maravilha do Carnaval Carioca - Escola de Samba},
  howpublished = {Folha do Povo : O vespertino do Espirito Santo (ES)},
  note         = {Fevereiro 13},
  year         = {1953},
  url          = {http://memoria.bn.br/DocReader/101800/1427}
}

@misc{jornalsambaderoda5,
  author       = {Jornal do Brasil}, 
  title        = {Primeiras Lições  de Samba (XXXIII)},
  howpublished = {Jornal do Brasil (RJ)},
  note         = {Setembro 13},
  year         = {1962},
  url          = {http://memoria.bn.br/DocReader/030015_08/32226}
}


@online{unescosambaderoda1,
  author={UNESCO},
  title={Samba de Roda do Recôncavo Baiano},
  year ={2008},
  url={http://www.unesco.org/new/pt/brasilia/culture/world-heritage/intangible-cultural-heritage-list-brazil/samba-de-roda-do-reconcavo-baiano/#c1414252},
  urldate = {2019-05-20}
}
