%%%%%%%%%%%%%%%%%%%%%%%%%%%%%%%%%%%%%%%%%%%%%%%%%%%%%%%%%%%%%%%%%%%%%%%%%%%%%%%%
@misc{priberamplano,
  author={Plano},
  title={In: Dicionário Priberam da Língua Portuguesa [em linha]},
  year ={2008-2013},
  url={https://dicionario.priberam.org/plano},
  urldate = {2019-05-20}
}

@online{puladinhogafieiramusic,
  author={Discogs},
  title={In: Marisa com Moacyr Silva E Seu Conjunto - Convite À Música  [em linha]},
  year ={2019},
  url={https://www.discogs.com/release/5343703},
  urldate = {2019-05-20}
}
