@book{seymourtreinando,
  title={Treinando com a Pnl},
  author={SEYMOUR, J. and O'CONNOR, J.},
  isbn={978 8 53 230483 4},
  url={https://books.google.com.br/books?id=do2TCSFmfnsC},
  publisher={SUMMUS}
}

@book{carnegie2014lideranca,
  title={Liderança: Como superar-se e desafiar outros a fazer o mesmo},
  author={Carnegie, D.},
  isbn={978 8 50 401872 1},
  series={Coleção Dale Carnegie},
  url={https://books.google.com.br/books?id=cKdKAgAAQBAJ},
  year={2014},
  publisher={Companhia Editora Nacional}
}

@book{passadori7,
  title={As 7 dimensões da comunicação verbal},
  author={PASSADORI, R.},
  isbn={978 8 57 312669 3},
  url={https://books.google.com.br/books?id=KzxjaAC8HSUC},
  publisher={GENTE}
}

@book{de2013treinamentos,
  title={Treinamentos Comportamentais},
  author={de Matteu, D. and Ogata, M. and Sita, M.},
  isbn={978 8 56 317854 1},
  url={https://books.google.com.br/books?id=RoZQAgAAQBAJ},
  year={2013},
  publisher={Editora Ser Mais Ltda}
}

%%%%%%%%%%%%%%%%%%%%%%%%%%%%%%%%%%%%%%%%%%%%%%%%%%%%%%%%%%%%%%%%%%%%%%%%%%%%%%%%
%% cerebelo

@book{gazzanigaciencia,
  title={Ciência Psicológica},
  author={Gazzaniga, M. and Heatherton, T. and Halpern, D.},
  isbn={978 8 58 271443 0},
  url={https://books.google.com.br/books?id=8HE3DwAAQBAJ},
  publisher={Artmed Editora}
}

@book{carneiro2004atlas,
  title={Atlas e Texto de Neuroanatomia},
  author={Carneiro, M.A.},
  isbn={978 8 52 041529 0},
  url={https://books.google.com.br/books?id=Re6WrcTDMscC},
  year={2004},
  publisher={MANOLE}
}

@book{bearneurociencias,
  title={Neurociências: Desvendando o Sistema Nervoso},
  author={Bear, M.F. and Connors, B.W. and Paradiso, M.A.},
  isbn={978 8 58271433 1},
  url={https://books.google.com.br/books?id=bywtDwAAQBAJ},
  publisher={Artmed Editora}
}


%%%%%%%%%%%%%%%%%%%%%%%%%%%%%%%%%%%%%%%%%%%%%%%%%%%%%%%%%%%%%%%%%%%%%%%%%%%%%%%%
% proberbio chines
@book{AprendendoInteligencia2008,
  title={Aprendendo inteligência - Manual de instruções do cérebro para alunos em geral},
  author={Pierluigi Piazzi},
  isbn={978 8 57 657060 8},
  year={2008},
  volume={Vol. 1},
  %url={},
  publisher={Editora Aleph}
}

@book{abe2002introducao,
  title={Introducao a Logica Para a Ciencia Da Computacao},
  author={Abe, J.M.},
  isbn={978 8 57 473045 5},
  url={https://books.google.com.br/books?id=AgBJdjoNPwUC},
  year={2002},
  publisher={Arte \& Ciência}
}


%%%%%%%%%%%%%%%%%%%%%%%%%%%%%%%%%%%%%%%%%%%%%%%%%%%%%%%%%%%%%%%%%%%%%%%%%%%%%%%%
% PDCA

@book{mumford2001aprendendo,
  title={Aprendendo a aprender -- Você S.A.},
  author={Mumford, A.},
  isbn={978 8 52 130960 4},
  url={https://books.google.com.br/books?id=pcJwbw7p5dEC},
  year={2001},
  publisher={Nobel}
}

@book{teixeira2018gestao,
  title={Gestão estratégica de negócios: métrica de avaliação de desempenho organizacional},
  author={Teixeira, J.V.},
  isbn={978 8 55 968472 8},
  url={https://books.google.com.br/books?id=-idmDwAAQBAJ},
  year={2018},
  publisher={Gramma Livraria e Editora}
}

@book{caloba2018gerenciamento,
  title={Gerenciamento de Projetos com PDCA},
  author={Calôba, G. and Klaes, M.},
  isbn={978 8 55 080962 5},
  url={https://books.google.com.br/books?id=TwOSDwAAQBAJ},
  year={2018},
  publisher={Alta Books}
}

%%%%%%%%%%%%%%%%%%%%%%%%%%%%%%%%%%%%%%%%%%%%%%%%%%%%%%%%%%%%%%%%%%%%%%%%%%%%%%%%
% sentidos
@book{ready2010pnl,
  title={PNL para Dummies},
  author={Ready, R. and Burton, K.},
  isbn={978 8 43 292077 6},
  series={Para Dummies},
  url={https://books.google.com.br/books?id=MdOsdlnH4gMC},
  year={2010},
  publisher={Para Dummies}
}

@book{sternbergpsicologia,
  title={Psicologia Cognitiva},
  author={Sternberg, R.J.},
  isbn={9788522106783},
  edition={5ta},
  year={2010},
  publisher={CENGAGE DO BRASIL}
}

@article{10.2307/24922803,
 ISSN = {00368733, 19467087},
 URL = {http://www.jstor.org/stable/24922803},
 author = {Richard C. Atkinson and Richard M. Shiffrin},
 journal = {Scientific American},
 number = {2},
 pages = {82--91},
 publisher = {Scientific American, a division of Nature America, Inc.},
 title = {The Control of Short-Term Memory},
 volume = {225},
 year = {1971}
}

%%%%%%%%%%%%%%%%%%%%%%%%%%%%%%%%%%%%%%%%%%%%%%%%%%%%%%%%%%%%%%%%%%%%%%%%%%%%%%%%
% Memoria

@book{pake2019psicologia,
  title={Psicologia Cognitiva Para Leigos},
  author={Pake, J.M. and Hills, P.J. and Nascimento, W.},
  isbn={9788550808109},
  url={https://books.google.com.br/books?id=fqONDwAAQBAJ},
  year={2019},
  publisher={Alta Books}
}

@book{spreen2006compendium,
  title={A Compendium of Neuropsychological Tests: Administration, Norms, and Commentary},
  author={Spreen, E.S.E.M.S.S.O. and Strauss, P.P.E. and Strauss, E. and Sherman, N.A.A.P.D.P.C.N.E.M.S. and Sherman, E.M.S. and Spreen, O. and Ralph Erskine Conrad Memorial Fund},
  isbn={9780195159578},
  lccn={2005020769},
  url={https://books.google.com.br/books?id=jQ7n4QVw7-0C},
  year={2006},
  publisher={Oxford University Press}
}

@book{de2000comprension,
  title={Comprension Lectora: Dificultades Estratigicas en Resolucion de Preguntas Inferenciales},
  author={de Avalos, M.V. and Velasquez, M.},
  isbn={9789505816590},
  series={Colección Nuevos caminos},
  url={https://books.google.com.br/books?id=bLccZOlZ8PEC},
  year={2000},
  publisher={Colihue}
}


@book{braisby2012cognitive,
  title={Cognitive Psychology},
  author={Braisby, N. and Gellatly, A.},
  isbn={9780199236992},
  lccn={2011943537},
  series={Titolo collana},
  url={https://books.google.com.br/books?id=mdcioZ75-0sC},
  year={2012},
  publisher={OUP Oxford}
}

% Atenção
@book{eysenck2017manual,
  title={Manual de Psicologia Cognitiva - 7.Ed.},
  author={Eysenck, M.W. and Keane, M.T.},
  isbn={9788582713969},
  url={https://books.google.com.br/books?id=n2pEDgAAQBAJ},
  year={2017},
  publisher={Artmed Editora}
}

%external internal atention
@article{ExternalInternalAttention,
author = {Chun, Marvin M. and Golomb, Julie D. and Turk-Browne, Nicholas B.},
title = {A Taxonomy of External and Internal Attention},
journal = {Annual Review of Psychology},
volume = {62},
number = {1},
pages = {73-101},
year = {2011},
doi = {10.1146/annurev.psych.093008.100427},
    note ={PMID: 19575619},
URL = {https://doi.org/10.1146/annurev.psych.093008.100427}
}

% memoria automatica
@article{doi:10.1002/wcs.1172,
author = {Ashby, F. Gregory and Crossley, Matthew J.},
title = {Automaticity and multiple memory systems},
journal = {Wiley Interdisciplinary Reviews: Cognitive Science},

volume = {3},
number = {3},
pages = {363-376},
doi = {10.1002/wcs.1172},
%url = {https://onlinelibrary.wiley.com/doi/abs/10.1002/wcs.1172},
year = {2012}
}

% Memoria modelo atenção dividida
@article{navon1979economy,
  title={On the economy of the human-processing system.},
  author={Navon, David and Gopher, Daniel},
  journal={Psychological review},
  volume={86},
  number={3},
  pages={214},
  year={1979},
  doi={10.1037/0033-295X.86.3.214},
  publisher={American Psychological Association}
}

%%%%%%%%%%%%%%%%%%%%%%%%%%%%%%%%%%%%%%%%%%%%%%%%%%%%%%%%%%%%%%%%%%%%%%%%%%%%%%%%
% memoria procedural y matematicas
@article{evans2016extension,
  title={An extension of the procedural deficit hypothesis from developmental language disorders to mathematical disability},
  author={Evans, Tanya M and Ullman, Michael T},
  journal={Frontiers in psychology},
  volume={7},
  pages={1318},
  year={2016},
  publisher={Frontiers}
}
@inproceedings{davis2000memory,
  title={A memory-based model for aspects of mathematics teaching},
  author={Davis, Gary and Hill, D and Smith, N},
  booktitle={PME CONFERENCE},
  volume={2},
  pages={2--225},
  year={2000}
}


