%%%%%%%%%%%%%%%%%%%%%%%%%%%%%%%%%%%%%%%%%%%%%%%%%%%%%%%%%%%%%%%%%%%%%%%%%%%%%%%
%%%%%%%%%%%%%%%%%%%%%%%%%%%%%%%%%%%%%%%%%%%%%%%%%%%%%%%%%%%%%%%%%%%%%%%%%%%%%%%
%texture dance
@book{preston1995dance,
  title={Dance Words},
  author={Preston-Dunlop, V.M.},
  isbn={9783718656059},
  lccn={99521798},
  series={Choreography and dance studies},
  url={https://books.google.com.br/books?id=V3VqO5RgMz0C},
  year={1995},
  publisher={Harwood Academic Publishers}
}

@book{cullingford2013children,
  title={How Children Learn to Read and How to Help Them},
  author={Cullingford, C.},
  isbn={9781135382131},
  url={https://books.google.com.br/books?id=0VHdAAAAQBAJ},
  year={2013},
  publisher={Taylor \& Francis}
}

@book{guest2013labanotation,
  title={Labanotation: The System of Analyzing and Recording Movement},
  author={Guest, A.H.},
  isbn={9781136086748},
  url={https://books.google.com.br/books?id=WsbOYHIUeFoC},
  year={2013},
  publisher={Taylor \& Francis}
}

@book{paine2014complete,
  title={Complete Guide to Primary Dance},
  author={Paine, L. and Association, N.D.T.},
  isbn={9781450428507},
  lccn={2013032666},
  url={https://books.google.com.br/books?id=ep3qAgAAQBAJ},
  year={2014},
  publisher={Human Kinetics}
}

@book{carline2011lesson,
  title={Lesson Plans for Creative Dance: Connecting with Literature, Arts, and Music},
  author={Carline, S.},
  isbn={9781450401982},
  lccn={2010045128},
  url={https://books.google.com.br/books?id=rPivngEACAAJ},
  year={2011},
  publisher={Human Kinetics}
}


@book{elementosdanca2017,
  title={Elementos  do movimento na dança},
  author={Lenira Peral Rengel and Eduardo Oliveira  and Camila Correia Santos Gonçalves and Aline Lucena and Jadiel Ferreira dos Santos.},
  isbn={9788582921197},
url={https://educapes.capes.gov.br/bitstream/capes/174968/2/eBook_Elementos_do_movimento_na_Danca-Licenciatura_em_Danca_UFBA.pdf},
  year={2017},
  publisher={Universidade Federal da Bahia}
}

@book{laban1987dominio,
  title={El dominio del movimiento},
  author={Laban, Rudolf},
  isbn={842450478x},
  year={1987},
  publisher={Editorial Fundamentos}
}

@book{maletic2011body,
  title={Body - Space - Expression: The Development of Rudolf Laban's Movement and Dance Concepts},
  author={Maletic, V.},
  isbn={9783110861839},
  series={Approaches to Semiotics [AS]},
  url={https://books.google.com.br/books?id=EHAFXOYIMHIC},
  year={2011},
  publisher={De Gruyter}
}
%%%%%%%%%%%%%%%%%%%%%%%%%%%%%%%%%%%%%%%%%%%%%%%%%%%%%%%%%%%%%%%%%%%%%%%%%%%%%%%%
% tension and release
@book{schrader2005sense,
  title={A Sense of Dance: Exploring Your Movement Potential},
  author={Schrader, C.A.},
  isbn={9780736051897},
  lccn={20030195},
  url={https://books.google.com.br/books?id=PZdnDTxLscIC},
  year={2005},
  publisher={Human Kinetics}
}

%%%%%%%%%%%%%%%%%%%%%%%%%%%%%%%%%%%%%%%%%%%%%%%%%%%%%%%%%%%%%%%%%%%%%%%%%%%%%%%%
@online{TimingDef,
  author={Infopedia},
  title={Timing},
  %year ={},
  url={https://www.infopedia.pt/dicionarios/ingles-portugues/timing},
  urldate = {2019-05-20}
}

@online{TimingDef2,
  author={Victor Hugo Suárez},
  title={VIDEO 1. Timing, ritmo y musicalidad},
  %year ={},
  url={https://www.youtube.com/watch?v=pVDozXmH-Dk},
  urldate = {2019-05-20}
}


@online{TimingDef3,
  author={STEEZY},
  title={How To Be A Cleaner Dancer},
  %year ={},
  url={https://www.youtube.com/watch?v=s280i66TiC0},
  urldate = {2019-05-20}
}


@online{TimingTreino1,
  author={Cleidson Diniz},
  title={Acerte o timing - Momentos lúdicos para aulas de dança (07)},
  %year ={},
  url={https://www.youtube.com/watch?v=G5y4sLnSKmg},
  urldate = {2019-05-20}
}

%%%%%%%%%%%%%%%%%%%%%%%%%%%%%%%%%%%%%%%%%%%%%%%%%%%%%%%%%%%%%%%%%%%%%%%%%%%%%%%
@misc{AquarelaDoBrasil,
    author = {Ary Barroso},
	title = {Aquarela do Brasil},
	year = {1936},
    url = {"http://arybarroso.com.br/sec_musica_letra_obra.php?language=pt_BR&id=43"},
}


@misc{Irineu,
    author = {Irineu Krüger},
	title = {Arranjos da musica: Aquarela do Brasil},
	year = {2010},
    url = {"https://youtu.be/XoO7ToQRdOQ?t=25"},
}
%%%%%%%%%%%%%%%%%%%%%%%%%%%%%%%%%%%%%%%%%%%%%%%%%%%%%%%%%%%%%%%%%%%%%%%%%%%%%%%

@misc{diciomusicalidade,
  author={Musicalidade},
  title={In: DICIO, Dicionário Online de Português. Porto: 7Graus, [em linha]},
  year ={2018},
  url={https://www.dicio.com.br/musicalidade/},
  urldate = {2019-05-20}
}

@book{kanigel2016man,
  title={The man who knew infinity: A life of the genius Ramanujan},
  author={Kanigel, Robert},
  year={1991},
  isbn={ 0-671-75061-5},
  publisher={Simon and Schuster}
}
%%%%%%%%%%%%%%%%%%%%%%%%%%%%%%%%%%%%%%%%%%%%%%%%%%%%%%%%%%%%%%%%%%%%%%%%%%%%%%%%
@misc{diciocadencia,
  author={Cadência},
  title={In: DICIO, Dicionário Online de Português. Porto: 7Graus, [em linha]},
  year ={2018},
  url={https://www.dicio.com.br/cadencia/},
  urldate = {2019-05-20}
}
%%%%%%%%%%%%%%%%%%%%%%%%%%%%%%%%%%%%%%%%%%%%%%%%%%%%%%%%%%%%%%%%%%%%%%%%%%%%%%%%

@book{bribitzer2015understanding,
  title={Understanding the Leitmotif},
  author={Bribitzer-Stull, M.},
  isbn={9781107098398},
  lccn={2014043069},
  url={https://books.google.com.br/books?id=eFytCAAAQBAJ},
  year={2015},
  publisher={Cambridge University Press}
}

@book{nasta2004perspective,
  title={Le son en perspective: nouvelles recherches},
  author={Nasta, D. and Huvelle, D. and Archimedia (Organization)},
  isbn={9789052012087},
  lccn={2004557880},
  series={Repenser le cinéma},
  url={https://books.google.com.br/books?id=YJ4f2d-a9OkC},
  year={2004},
  publisher={P.I.E.-Peter Lang}
}
%%%%%%%%%%%%%%%%%%%%%%%%%%%%%%%%%%%%%%%%%%%%%%%%%%%%%%%%%%%%%%%%%%%%%%%%%%%%%%%%



@article{schurmann1989m,
  title={A música como linguagem uma abordagem histórica},
  author={Schurmann, Ernst F},
  isbn={85-11-13088-8},
  year={1989}
}

@book{copland1974ouvir,
  title={Como ouvir e entender música},
  author={Copland, Aaron},
  note={Do original norte-americano: What to listen for in music (1939)},
  %isbn={},
  year={1974},
  publisher={Editora Artenova S.A.}
}

@book{kerman2015listen,
  title={Listen},
  author={Kerman, Joseph and Tomlinson, Gary and Kerman, Vivian},
  isbn={978-1-4576-6985-9},
  year={2015},
  publisher={Macmillan}
}

@book{wright2012essential,
  title={The Essential Listening to Music},
  author={Wright, C.},
  isbn={9781111342029},
  lccn={2011943691},
  url={https://books.google.com.br/books?id=VR1GgBSeL0YC},
  year={2012},
  publisher={Cengage Learning}
}

@book{holland2013music,
  title={Music Fundamentals for Dance},
  author={Holland, N.N.},
  isbn={9780736096522},
  lccn={2012005894},
  url={https://books.google.com.br/books?id=vmsVBinC8IkC},
  year={2013},
  publisher={Human Kinetics}
}


@book{pavis1998dictionary,
  title={Dictionary of the Theatre: Terms, Concepts, and Analysis},
  author={Pavis, P. and Carlson, M. and Shantz, C.},
  isbn={9780802081636},
  lccn={cn98930987},
  url={https://books.google.com.br/books?id=tIXwrduoDMoC},
  year={1998},
  publisher={University of Toronto Press}
}

@book{powrie2006changing,
  title={Changing Tunes: The Use of Pre-existing Music in Film},
  author={Powrie, P. and Stilwell, R.J.},
  isbn={9780754651376},
  lccn={2005013075},
  series={Ashgate popular and folk music series},
  url={https://books.google.com.br/books?id=tvnw4_zXsl0C},
  year={2006},
  publisher={Ashgate}
}

%%%%%%%%%%%%%%%%%%%%%%%%%%%%%%%%%%%%%%%%%%%%%%%%%%%%%%%%%%%%%%%%%%%%%%%%%%%%%%%%
% flow
@article{trehub2003developmental,
  title={The developmental origins of musicality},
  author={Trehub, Sandra E},
  journal={Nature neuroscience},
  volume={6},
  number={7},
  pages={669},
  year={2003},
  publisher={Nature Publishing Group}
}

@book{czikszentmihalyi1990flow,
  title={Flow: The psychology of optimal experience},
  author={Czikszentmihalyi, Mihaly},
  year={1990},
  publisher={New York: Harper \& Row}
}

%%%%%%%%%%%%%%%%%%%%%%%%%%%%%%%%%%%%%%%%%%%%%%%%%%%%%%%%%%%%%%%%%%%%%%%%%%%%%%%%
% detetar  metrica
@book{wright1992social,
  title={Social Dance: Steps to Success},
  author={Judy Patterson Wright},
  isbn={0-88011-449-5},
  series={Steps to success activity series},
  year={1992},
  publisher={Leisure Press}
}

%%%%%%%%%%%%%%%%%%%%%%%%%%%%%%%%%%%%%%%%%%%%%%%%%%%%%%%%%%%%%%%%%%%%%%%%%%%%%%%%
@book{reza2012introduction,
  title={An Introduction to Information Theory},
  author={Reza, F.M.},
  isbn={9780486158440},
  series={Dover Books on Mathematics},
  url={https://books.google.com.br/books?id=lM7CAgAAQBAJ},
  year={2012},
  publisher={Dover Publications}
}
