
%%%%%%%%%%%%%%%%%%%%%%%%%%%%%%%%%%%%%%%%%%%%%%%%%%%%%%%%%%%%%%%%%%%%%%%%%%%%%%%%
@book{medteoria,
  title={Teoria Da M{\'u}sica},
  author={Med, Bohumil},
  isbn={9788570920393},
  edition={4},
  year={1996},
  url={https://labmus.emac.ufg.br/up/988/o/BOHUMIL_MED_-_Teoria_da_Mu%CC%81sica_4a_Ed.pdf},
  publisher={MUSIMED}
}

@book{cardoso1973curso,
  title={Curso Completo De Teoria Musical E Solfejo - 1o Vol.},
  author={Cardoso, B. and Mascaranhas, M.},
  number={v. 1},
  isbn={9788585188177},
  url={https://books.google.com.br/books?id=\_zQCnNWc3vMC},
  year={1973},
  publisher={Irm{\~a}os Vitale}
}

@book{mascarenhascurso,
  title={Curso Completo De Teoria Musical E Solfejo - 2o Vol.},
  author={Cardoso, B. and Mascarenhas, M.},
  number={v. 2},
  isbn={9788574070988},
  url={https://books.google.com.br/books?id=gjs8chcdIXoC},
  year={1974},
  publisher={Irm{\~a}os Vitale}
}

@book{azevedocompor,
  title={Como Compor M{\'u}sica Facilmente: m{\'e}todos ou estudos para teoria, canto e solfejo},
  author={Azevedo, F.},
  isbn={9788574073910},
  url={https://books.google.com.br/books?id=1DbIVwl7NEcC},
  year={2013},
  publisher={BRUNO QUAINO EDITORE}
}

@book{alves2004teoria,
  title={Teoria Musical},
  author={Alves, L.},
  isbn={9788574071961},
  url={https://books.google.com.br/books?id=TYcrSBj67PoC},
  year={2004},
  publisher={Irm{\~a}os Vitale}
}



@book{adolfo2002musica,
  title={Musica: Leitura, Conceitos, Exercicios},
  author={Adolfo, A.},
  isbn={9788585426781},
  url={https://books.google.com.br/books?id=LLpH4KR7hZgC},
  year={2002},
  publisher={LUMIAR}
}

@book{grabner2001teoria,
  title={Teor{\'i}a general de la m{\'u}sica},
  author={Grabner, H. and Mielke, J.C.},
  isbn={9788446010913},
  series={Akal m{\'u}sica},
  url={https://books.google.es/books?id=9DgXMPPiZJYC},
  year={2001},
  publisher={Ediciones Akal}
}





%%%%%%%%%%%%%%%%%%%%%%%%%%%%%%%%%%%%%%%%%%%%%%%%%%%%%%%%%%%%%%%%%%%%%%%%%%%%%%%%
@book{arbones2012armonia,
  title={La armon{\'i}a es num{\'e}rica: m{\'u}sica y matem{\'a}ticas},
  author={Arbon{\'e}s, Javier and Milrud, Pablo},
  year={2012},
  isbn={978-84-473-6961-4},
  publisher={RBA Barcelona}
}



%%%%%%%%%%%%%%%%%%%%%%%%%%%%%%%%%%%%%%%%%%%%%%%%%%%%%%%%%%%%%%%%%%%%%%%%%%%%%%%
@book{apel1969harvard,
  title={Harvard Dictionary of Music},
  author={Apel, W.},
  isbn={9780674375017},
  lccn={68021970},
  series={Series I: Diaries},
  url={https://books.google.com.br/books?id=TMdf1SioFk4C},
  year={1969},
  publisher={Belknap Press of Harvard University Press}
}

@misc{AquarelaDoBrasil,
    author = {Ary Barroso},
	title = {Aquarela do Brasil},
	year = {1936},
    url = {"http://arybarroso.com.br/sec_musica_letra_obra.php?language=pt_BR&id=43"},
}


@misc{Irineu,
    author = {Irineu Kr√ºger},
	title = {Arranjos da musica: Aquarela do Brasil},
	year = {2010},
    url = {"https://youtu.be/XoO7ToQRdOQ?t=25"},
}

