
%%%%%%%%%%%%%%%%%%%%%%%%%%%%%%%%%%%%%%%%%%%%%%%%%%%%%%%%%%%%%%%%%%%%%%%%%%%%%%%%
%%%%%%%%%%%%%%%%%%%%%%%%%%%%%%%%%%%%%%%%%%%%%%%%%%%%%%%%%%%%%%%%%%%%%%%%%%%%%%%%
%%%%%%%%%%%%%%%%%%%%%%%%%%%%%%%%%%%%%%%%%%%%%%%%%%%%%%%%%%%%%%%%%%%%%%%%%%%%%%%%
%%%%%%%%%%%%%%%%%%%%%%%%%%%%%%%%%%%%%%%%%%%%%%%%%%%%%%%%%%%%%%%%%%%%%%%%%%%%%%%%

@article{Zamoner2012,
   author = {Maristela Zamoner},
   title = {Conceitos e definição de Dança de Salão},
   journal = {EFDeportes.com, Revista Digital},
   issn  = {1514-3465},
   %volume = {},
   number = {172},
   month  = {9},
   year = {2012},
   url = {https://www.efdeportes.com/efd172/conceitos-e-definicao-de-danca-de-salao.htm}
}


