
@article{de4danccas,
  title={Dan{\c{c}}as licenciosas, voluptuosas, sensuais.... mas atraentes!: Representa{\c{c}}{\~o}es do batuque em relatos de viajantes (Brasil-s{\'e}culo XIX)},
  author={de Souza, Silvia Cristina Martins},
  journal={Revista Brasileira de Hist{\'o}ria das Religi{\~o}es},
  issn={1983-2850},
  volume={4},
  number={11},
  month={9},
  year={2011},
  url={http://www.dhi.uem.br/gtreligiao/n11-2011.html}
}

@book{lara2007memoria,
  title={Mem{\'o}ria do Jongo: as grava{\c{c}}{\~o}es hist{\'o}ricas de Stanley J. Stein, Vassouras, 1949},
  author={Lara, S.H. and Pacheco, G.},
  isbn={9788587199102},
  lccn={2008318475},
  url={https://books.google.com.br/books?id=f5AmAQAAIAAJ},
  year={2007},
  publisher={Cecult}
}


@book{sandroni2001feitico,
  title={Feiti{\c{c}}o decente: transforma{\c{c}}{\~o}es do samba no Rio de Janeiro, 1917-1933},
  author={Sandroni, C.},
  isbn={9788571106062},
  lccn={01298065},
  url={https://books.google.com.br/books?id=j7xdp3d0gsIC},
  year={2001},
  publisher={Jorge Zahar Editor}
}


@misc{batuqueBraziliense,
  author       = {Correio Braziliense}, 
  title        = {Correio braziliense ou armazem literario},
  howpublished = {Correio Braziliense},
  %month        = {}, %0
  year         = {1817},
  url          = {http://memoria.bn.br/DocReader/700142x/13656}
}

@misc{sambadiariodepernanbuco,
  author       = {Diario de Pernambuco}, 
  title        = {Ordem do dia do Quartel do Governo das Armas em Pernambuco},
  howpublished = {Diario de Pernambuco (PE)},
  number       = {445},
  %month        = {}, %0
  year         = {1830},
  url          = {http://memoria.bn.br/DocReader/029033_01/2387}
}

@misc{sambaperiodicoocapuceiro,
  author       = {O Carapuceiro}, 
  title        = {Os gostos extravagantes},
  howpublished = {O Carapuceiro : Periodico semper moral, e so'per accidens Politico (PE)},
  number       = {6},
  %month        = {}, %0
  year         = {1838},
  url          = {http://memoria.bn.br/DocReader/750000/2158}
}

@misc{sambadiariorj1,
  author       = {Diário do Rio de Janeiro}, 
  title        = {Interior, Pernambuco},
  howpublished = {Diário do Rio de Janeiro (RJ)},
  number       = {88},
  month        = {4}, %19
  year         = {1839},
  url          = {http://memoria.bn.br/DocReader/094170_01/21617}
}

@misc{sambaperiodicoocapuceiro2,
  author       = {O Carapuceiro}, 
  title        = {Resposta do matuto à carta do seu compadre o Doctor Fagundes à cerca dos augmentos do Recife},
  howpublished = {O Carapuceiro : Periodico semper moral, e so'per accidens Politico (PE)},
  number       = {65},
  month        = {11}, %12
  year         = {1842},
  url          = {http://memoria.bn.br/DocReader/750000/2856}
}


@misc{sambaperiodicooguaycuru,
  author       = {O Guaycuru}, 
  title        = {Correspondencia},
  howpublished = {O Guaycuru : Os principios são tudo, os homens pouco (BA)},
  number       = {198},
  month        = {5}, %
  year         = {1846},
  url          = {http://memoria.bn.br/DocReader/709794/523}
}

@misc{sambaperiodicoocosmorama,
  author       = {O Cosmorama na Bahia}, 
  title        = {Ida Edelvira - Um passo a dous},
  howpublished = {O Cosmorama na Bahia (BA)},
  number       = {11},
  month        = {12}, %15
  year         = {1849},
  url          = {http://memoria.bn.br/DocReader/718785/34}
}

@article{fernandes2001escolas,
  title={Escolas de samba: sujeitos celebrantes e objetos celebrados},
  author={Fernandes, Nelson da Nobrega},
  journal={Rio de Janeiro: Secretaria das Culturas},
  year={2001},
  url ={http://www.rio.rj.gov.br/dlstatic/10112/4204430/4101441/samba.pdf}
}

%@misc{sambaCorreioParaense,
%  author       = {Correio Paraense}, 
%  title        = {Carteira do reporter},
%  howpublished = {Correio Paraense : Diario Noticioso, Commercial e Litterario (PA)},
%  number       = {417},
%  month        = {9}, %28
%  year         = {1893},
%  url          = {http://memoria.bn.br/DocReader/302619/1573}
%}



@book{jotaefege,
  title={O cabrocha},
  author={Jota Efegê},
  %isbn={9788571106062},
  url={http://www.academiadosamba.com.br/memoriasamba/bibliografia/pdf/Livro-OCabrocha-JotaEfege.pdf},
  year={1931},
  publisher={CASA LEUZINGER}
}

@book{diniz2008almanaque,
  title={Almanaque do carnaval: A hist{\'o}ria do carnaval, o que ouvir, o que ler, onde curtir},
  author={Diniz, A.},
  isbn={9788537802922},
  url={https://books.google.com.br/books?id=F64JGZUQui4C},
  year={2008},
  publisher={Zahar}
}


@book{diniz2003almanaque,
  title={Almanaque do choro: a hist{\'o}ria do chorinho, o que ouvir, o que ler, onde curtir},
  author={Diniz, A.},
  isbn={9788571106987},
  lccn={2005344638},
  url={https://books.google.com.br/books?id=Ahr4EPp1pHUC},
  year={2003},
  publisher={Jorge Zahar Editor Ltda.}
}

@book{da2015historia,
  title={Hist{\'o}ria dos nossos gestos},
  author={da C{\^a}mara Cascudo, L.},
  isbn={9788526017238},
  url={https://books.google.com.br/books?id=-69cBAAAQBAJ},
  year={2015},
  publisher={Global Editora}
}

@book{coutinho2006cronistas,
  title={Os cronistas de momo: imprensa e carnaval na primeira rep{\'u}blica},
  author={Coutinho, E.G.},
  isbn={9788571082977},
  series={Hist{\'o}ria, cultura e id{\'e}ias},
  url={https://books.google.com.br/books?id=HlqBAAAAMAAJ},
  year={2006},
  publisher={Editora UFRJ}
}

@book{neres1999negro,
  title={Negro e negritude},
  author={Neres, J.M. and Cardoso, M. and Markunas, M.},
  number={v. 2-3},
  isbn={9788515016587},
  lccn={98832507},
  series={Cole{\c{c}}{\~a}o Hist{\'o}ria tem{\'a}tica retrospectiva},
  url={https://books.google.com.br/books?id=7XsGfPu2adYC},
  year={1999},
  publisher={Edi{\c{c}}{\~o}es Loyola}
}

@book{de2008bexiga,
  title={Bexiga: um bairro afro-italiano},
  author={de Castro, M.S.},
  isbn={9788574198620},
  lccn={2009308624},
  url={https://books.google.com.br/books?id=RSawnh10dGcC},
  year={2008},
  publisher={Annablume}
}

@book{efege1974maxixe,
  title={Maxixe, a dan{\c{c}}a excomungada},
  author={Efeg{\^e}, J.},
  lccn={74225393},
  series={Cole{\c{c}}{\~a}o Temas brasileiros},
  url={https://books.google.com.br/books?id=abQNAAAAYAAJ},
  year={1974},
  publisher={Conquista}
}


@book{cabral1996escolas,
  title={As escolas de samba do Rio de Janeiro},
  author={Cabral, S.},
  lccn={97831036},
  url={https://books.google.com.br/books?id=p5SBAAAAMAAJ},
  year={1996},
  publisher={Lumiar Editora}
}


@book{moura1995tia,
  title={Tia Ciata e a pequena Africa no Rio de Janeiro},
  author={Moura, R.},
  isbn={9788585632052},
  lccn={95833092},
  series={Biblioteca carioca},
  url={https://books.google.com.br/books?id=OZWbdUUiT-kC},
  year={1995},
  publisher={Prefeitura da Cidade do Rio de Janeiro, Secretaria Municipal de Cultura, Departamento Geral de Documenta{\c{c}}{\~a}o e Informa{\c{c}}{\~a}o Cultural, Divis{\~a}o de Editora{\c{c}}{\~a}o}
}

@book{cabral2016elisete,
  title={Elisete Cardoso: uma vida},
  author={Cabral, S.},
  isbn={9788578651022},
  url={https://books.google.com.br/books?id=trWzDAAAQBAJ},
  year={2016},
  publisher={Lazuli}
}

@book{raca1999,
  title={Ra{\c{c}}a Brasil},
  author={Simbolo.},
  number={n. 34-40},
  lccn={97648837},
  issn={0104-8856},
  url={https://books.google.com.br/books?id=KC4sAAAAYAAJ},
  year={1999},
  publisher={Editora Simbolo Ltda.}
}

%%%%%%%%%%%%%%%%%%%%%%%%%%%%%%%%%%%%%%%%%%%%%%%%%%%%%%%%%%%%%%%%%%%%%%%%%%%%%%%%
% Inauguracion do Elite Club

@misc{eliteinaugura,
  author       = {Diario Carioca}, 
  title        = {Inauguração do Elite Club},
  howpublished = {Diario Carioca},
  month        = {7}, %15
  year         = {1930},
  url          = {http://memoria.bn.br/DocReader/DocReader.aspx?bib=093092_02&pagfis=2038&pesq=elite%20club}
}

%%%%%%%%%%%%%%%%%%%%%%%%%%%%%%%%%%%%%%%%%%%%%%%%%%%%%%%%%%%%%%%%%%%%%%%%%%%%%%%%
% Entrevistas ou recopilaciones sobre Julio Simoes
@misc{gafieirajournalmanchete,
  author       = {Newton Carlos and Gervásio Batista}, 
  title        = {Bodas de prata na gafieira},
  howpublished = {Manchete (RJ)},
  month        = {9}, %24
  year         = {1955},
  url          = {http://memoria.bn.br/DocReader/004120/11694}
}

@misc{entrevistajuliojournalbrasil1,
  author       = {Vera Pereira and Amaury Monteiro and Sêrgio Noronha}, 
  title        = {Tradição de gafieira - já não vai da valsa, mas do samba errado},
  howpublished = {Jornal do Brasil (RJ)},
  month        = {8}, %03
  year         = {1961},
  url          = {http://memoria.bn.br/DocReader/030015_08/20683}
}

@misc{juliosimoes,
  author       = {Jota Efegê}, 
  title        = {Júlio Simões, que foi Júlio da Kananga e Júlio da Elite},
  howpublished = {O Jornal -  Rio de Janeiro, GB},
  month        = {8}, %04
  year         = {1963},
  url          = {http://docvirt.com/docreader.net/DocReader.aspx?bib=CDU&Pesq=j%C3%BAlio%20sim%C3%B5es}
  %url          = {http://memoria.bn.br/DocReader/110523_06/29400}
}

@misc{simoesjournalbrasil1,
  author       = {Jornal do Brasil}, 
  title        = {Pai das gafieiras lembra sua vida e do Rio antigo},
  howpublished = {Jornal do Brasil (RJ)},
  month        = {4}, %29
  year         = {1970},
  url          = {http://memoria.bn.br/DocReader/030015_09/7228}
}

@misc{simoesjournalalutademocratica1,
  author       = {Carlos Vinhaes}, 
  title        = {Elite Clube e Júlio Simões na História do Rio de Janeiro},
  howpublished = {A Luta Democratica},
  month        = {8}, %9
  year         = {1971},
  url          = {http://memoria.bn.br/DocReader/030678/48603}
}


@misc{respeitojournalbrasil1,
  author       = {Francisco Duarte}, 
  title        = {Gafieiras - Tratado geral do ambiente que existe respeito},
  howpublished = {Jornal do Brasil (RJ)},
  month        = {8}, %12
  year         = {1979},
  url          = {http://memoria.bn.br/DocReader/030015_09/203574}
}
%%%%%%%%%%%%%%%%%%%%%%%%%%%%%%%%%%%%%%%%%%%%%%%%%%%%%%%%%%%%%%%%%%%%%%%%%%%%%%%%
% Referencia de revistas al incidente con simoes y picareta

@book{instituto1987revista,
  title={Revista do Instituto Hist{\'o}rico e Geogr{\'a}fico do Rio de Janeiro},
  author={Instituto Hist{\'o}rico e Geogr{\'a}fico do Rio de Janeiro},
  lccn={98831703},
  issn={1519-5678},
  url={https://books.google.com.br/books?id=0xokAQAAIAAJ},
  year={1987},
  publisher={Instituto Hist{\'o}rico e Geogr{\'a}fico do Rio de Janeiro}
}

%%%%%%%%%%%%%%%%%%%%%%%%%%%%%%%%%%%%%%%%%%%%%%%%%%%%%%%%%%%%%%%%%%%%%%%%%%%%%%%%
% Referencias a palavra gafieira no jornal

@misc{gafieirajournaloradical1,
  author       = {O Radical}, 
  title        = {A sahida do baile},
  howpublished = {O Radical (RJ)},
  month        = {9}, %08
  year         = {1932},
  url          = {http://memoria.bn.br/docreader/DocReader.aspx?bib=830399&pagfis=769&pesq=gafieira}
}



@misc{gafieirajournalabatalha1,
  author       = {A Batalha}, 
  title        = {Depois da noitada de dansa..},
  howpublished = {O Batalha (RJ)},
  month        = {9}, %09
  year         = {1932},
  url          = {http://memoria.bn.br/docreader/DocReader.aspx?bib=175102&pagfis=6328&pesq=gafieira}
}

@misc{gafieirajournalbrasil1,
  author       = {Jornal do Brasil}, 
  title        = {À porta de uma gafieira},
  howpublished = {Jornal do Brasil (RJ)},
  month        = {1}, %09
  year         = {1934},
  url          = {http://memoria.bn.br/docreader/DocReader.aspx?bib=030015_05&pagfis=39721&pesq=gafieira}
}

%%%%%%%%%%%%%%%%%%%%%%%%%%%%%%%%%%%%%%%%%%%%%%%%%%%%%%%%%%%%%%%%%%%%%%%%%%%%%%%%
%%%%%%%%%%%%%%%%%%%%%%%%%%%%%%%%%%%%%%%%%%%%%%%%%%%%%%%%%%%%%%%%%%%%%%%%%%%%%%%%
%%%%%%%%%%%%%%%%%%%%%%%%%%%%%%%%%%%%%%%%%%%%%%%%%%%%%%%%%%%%%%%%%%%%%%%%%%%%%%%%
%%%%%%%%%%%%%%%%%%%%%%%%%%%%%%%%%%%%%%%%%%%%%%%%%%%%%%%%%%%%%%%%%%%%%%%%%%%%%%%%

@book{musicaestatuto,
    author = {São Paulo: Itaú Cultural},
    title = {Estatutos da Gafieira.},
    publisher={Enciclopedia Itaú Cultural de Arte e Cultura Brasileiras. Acesso em: 05 de Nov. 2017},
    %month = "11",
    isbn ={978-85-7979-060-7},
    year = {2017},
    url = {http://enciclopedia.itaucultural.org.br/obra70072/estatutos-da-gafieira},
}



@misc{musicaestatutojournal1955,
    author = {Cinelândia},
	title = {Cantando no Chiveiro - Vexame},
    howpublished = {Cinelândia (RJ)},
    number={n. 75},
    month = {12},
	year = {1955},
    url = {http://memoria.bn.br/DocReader/312622/4254},
}


@book{diccionario1858,
  author={Antonio Jose da Rocha},
  title={Diccionario da lingua portugueza},
  number={Tomo I: A-E},
  edition= {6},
  url={https://books.google.com.br/books?id=KXLlRqBwZ90C},
  year={1858},
  publisher={Na Impressão Regia}
}


@misc{depoimentobilly,
    author = {Felipe Berocan Veiga},
	title = {A dança das regras : a invenção dos estatutos e o lugar do respeito nas gafieiras cariocas},
    month = {7},
	year = {2011},
    url = {"http://lemetro.ifcs.ufrj.br/felipe_berocan_a_danca_das_regras.pdf"},
}

%%%%%%%%%%%%%%%%%%%%%%%%%%%%%%%%%%%%%%%%%%%%%%%%%%%%%%%%%%%%%%%%%%%%%%%%%%%%%%%%
@book{musicapelotelefone,
    author = {São Paulo: Itaú Cultural},
    title = {PELO Telefone (1916)},
    publisher={Enciclopedia Itaú Cultural de Arte e Cultura Brasileiras. Acesso em: 25 de Abr. 2019},
    %month = "11",
    isbn ={978-85-7979-060-7},
    year = {2019},
    url = {http://enciclopedia.itaucultural.org.br/obra7091/pelo-telefone-1916},
}
%%%%%%%%%%%%%%%%%%%%%%%%%%%%%%%%%%%%%%%%%%%%%%%%%%%%%%%%%%%%%%%%%%%%%%%%%%%%%%%%
@book{randel2003harvard,
  title={The Harvard Dictionary of Music},
  author={Randel, D.M.},
  isbn={9780674011632},
  lccn={2003058262},
  series={Harvard University Press reference library},
  url={https://books.google.es/books?id=02rFSecPhEsC},
  year={2003},
  publisher={Belknap Press of Harvard University Press}
}

@book{grabner2001teoria,
  title={Teor{\'i}a general de la m{\'u}sica},
  author={Grabner, H. and Mielke, J.C.},
  isbn={9788446010913},
  series={Akal m{\'u}sica},
  url={https://books.google.es/books?id=9DgXMPPiZJYC},
  year={2001},
  publisher={Ediciones Akal}
}

@book{adolfo2002musica,
  title={Musica: Leitura, Conceitos, Exercicios},
  author={Adolfo, A.},
  isbn={9788585426781},
  url={https://books.google.com.br/books?id=LLpH4KR7hZgC},
  year={2002},
  publisher={LUMIAR}
}

@book{mascarenhascurso,
  title={CURSO COMPLETO DE TEORIA MUSICAL E SOLFEJO - 2o VOL.},
  author={Mascarenhas, M. and CARDOSO, B.},
  number={v. 2},
  isbn={9788574070988},
  url={https://books.google.com.br/books?id=gjs8chcdIXoC},
  publisher={Irm{\~a}os Vitale}
}

@book{alves2004teoria,
  title={Teoria Musical},
  author={Alves, L.},
  isbn={9788574071961},
  url={https://books.google.com.br/books?id=TYcrSBj67PoC},
  year={2004},
  publisher={Irm{\~a}os Vitale}
}

@book{azevedocompor,
  title={Como Compor M{\'u}sica Facilmente: m{\'e}todos ou estudos para teoria, canto e solfejo},
  author={Azevedo, F.},
  isbn={9788574073910},
  url={https://books.google.com.br/books?id=1DbIVwl7NEcC},
  publisher={BRUNO QUAINO EDITORE}
}



@book{medteoria,
  title={Teoria Da Musica},
  author={Med, Bohumil},
  isbn={9788570920393},
  edition={4},
  year={1996},
  url={https://labmus.emac.ufg.br/up/988/o/BOHUMIL_MED_-_Teoria_da_Mu%CC%81sica_4a_Ed.pdf},
  publisher={MUSIMED}
}



@misc{AquarelaDoBrasil,
    author = {Ary Barroso},
	title = {Aquarela do Brasil},
	year = {1936},
    url = {"http://arybarroso.com.br/sec_musica_letra_obra.php?language=pt_BR&id=43"},
}


@misc{Irineu,
    author = {Irineu Krüger},
	title = {Arranjos da musica: Aquarela do Brasil},
	year = {2010},
    url = {"https://youtu.be/XoO7ToQRdOQ?t=25"},
}


%%%%%%%%%%%%%%%%%%%%%%%%%%%%%%%%%%%%%%%%%%%%%%%%%%%%%%%%%%%%%%%%%%%%%%%%%%%%%%%%
%%%%%%%%%%%%%%%%%%%%%%%%%%%%%%%%%%%%%%%%%%%%%%%%%%%%%%%%%%%%%%%%%%%%%%%%%%%%%%%%
%%%%%%%%%%%%%%%%%%%%%%%%%%%%%%%%%%%%%%%%%%%%%%%%%%%%%%%%%%%%%%%%%%%%%%%%%%%%%%%%
%%%%%%%%%%%%%%%%%%%%%%%%%%%%%%%%%%%%%%%%%%%%%%%%%%%%%%%%%%%%%%%%%%%%%%%%%%%%%%%%

@article{Zamoner2012,
   author = {Maristela Zamoner},
   title = {Conceitos e definição de Dança de Salão},
   journal = {EFDeportes.com, Revista Digital},
   issn  = {1514-3465},
   %volume = {},
   number = {172},
   month  = {9},
   year = {2012},
   url = {https://www.efdeportes.com/efd172/conceitos-e-definicao-de-danca-de-salao.htm}
}

%%%%%%%%%%%%%%%%%%%%%%%%%%%%%%%%%%%%%%%%%%%%%%%%%%%%%%%%%%%%%%%%%%%%%%%%%%%%%%%%
%%%%%%%%%%%%%%%%%%%%%%%%%%%%%%%%%%%%%%%%%%%%%%%%%%%%%%%%%%%%%%%%%%%%%%%%%%%%%%%%
%%%%%%%%%%%%%%%%%%%%%%%%%%%%%%%%%%%%%%%%%%%%%%%%%%%%%%%%%%%%%%%%%%%%%%%%%%%%%%%%
%%%%%%%%%%%%%%%%%%%%%%%%%%%%%%%%%%%%%%%%%%%%%%%%%%%%%%%%%%%%%%%%%%%%%%%%%%%%%%%%


@book{perna2002samba,
  title={Samba de gafieira: a hist{\'o}ria da dan{\c{c}}a de sal{\~a}o brasileira},
  author={Perna, Marco Antonio},
  isbn={8590196585},
  year={2001},
  edition   = {2},
  url={https://books.google.com.br/books?id=9gc0AAAACAAJ},
  address   = {Rio de Janeiro, Brasil},
  publisher={ Marco Antonio Perna}
}
